3252 5166
343 317 414 388 aab

338 459 434 508 mam
459 435 584 532 semis,
600 436 804 512 drachmam
830 441 1019 538 integram,
1036 435 1094 513 rel
1110 451 1146 514 et
1162 435 1253 510 ultra
1270 435 1468 530 elevatur,

304 559 308 568 '
338 551 539 628 desistendo
565 555 779 651 confestim,
802 557 860 629 ubi
890 555 945 630 rel
982 557 1126 628 minima
1161 554 1333 630 stomachi
1370 580 1464 654 gn-
1600 540 1602 554 .

338 671 478 743 vamina
504 671 684 772 producat
709 717 759 730 -·
784 673 969 776 Ejusmodi
995 673 1188 766 methodo,
1212 679 1307 772 juxta
1332 674 1462 745 varie-

338 801 445 861 tatem
472 815 617 862 casuum
643 791 864 888 modificata,
888 807 1041 892 quatuor
1064 792 1256 891 specimina
1282 789 1463 892 ophthal-

337 909 490 980 miaruru
515 908 788 983 scrolulosarum
814 909 883 982 boc
915 935 1008 982 anno
1043 907 1212 1004 feliciter,
1246 921 1288 992 et,
1316 906 1463 1008 absque

337 1027 411 1101 ullo
436 1027 626 1127 posthumo
651 1029 875 1103 confecimus.
900 1029 1098 1127 Unguentis
1124 1027 1362 1122 nonutimur,
1380 1027 1457 1098 nisi

336 1144 374 1216 in
398 1147 620 1218 consectariis
638 1201 647 1240 ,
671 1148 710 1219 in
735 1145 1052 1246 pachyblcpharosi
1070 1158 1106 1218 et
1124 1143 1269 1216 maculis
1286 1167 1463 1238 corneae,

335 1261 467 1334 etenim
490 1261 778 1364 ophthalmitidcs
814 1289 834 1336 a
869 1261 1057 1364 pinguibus
1092 1261 1270 1336 ordinario
1305 1287 1458 1334 exacer-

256 1387 261 1398 '
334 1375 486 1476 bantur,
509 1381 715 1481 praesertim
740 1405 830 1483 quae
856 1405 875 1454 a
901 1380 1003 1480 psyxi
1029 1393 1148 1452 ortum
1173 1377 1318 1452 ducunt.
1356 1377 1459 1452 Male

334 1496 571 1594 medebuntur
593 1497 927 1574 inflammationibus
961 1495 1154 1597 specificis,
1184 1497 1246 1596 qui
1271 1496 1455 1597 cacocby-

333 1617 426 1689 miae
463 1613 614 1690 nimium
653 1615 815 1690 tribuunt
848 1614 1037 1710 valorem,
1071 1613 1276 1686 imitationis
1314 1626 1454 1686 statum

333 1732 573 1832 negligentes,
596 1739 696 1836 peius
721 1756 806 1809 vero
822 1731 938 1806 adbuc
954 1730 1026 1827 illi,
1042 1731 1100 1832 qui
1121 1729 1303 1837 cbemismi
1321 1729 1454 1804 abnor-

335 1852 404 1922 mis
426 1855 501 1951 jura
519 1851 746 1950 spemeudo,
771 1863 877 1950 atque
900 1847 1103 1923 dualisticae
1137 1848 1267 1920 virium
1293 1846 1450 1922 diathesi

334 1971 438 2044 unice
461 1969 594 2064 innixi,
618 1995 750 2072 equum
775 1965 962 2062 vendunt,
987 1978 1028 2040 ut
1052 1991 1202 2040 avenam
1233 1965 1448 2065 acciperent

382 2083 463 2158 Non
487 2081 677 2160 defuerunt
701 2087 866 2186 equidem
891 2083 959 2160 boe
990 2107 1112 2158 mense
1129 2077 1253 2183 febres
1277 2087 1448 2156 r'rrrermr't-

333 2211 469 2299 senus,
493 2223 551 2276 eas
576 2229 661 2278 reru
686 2206 900 2306 neutiquam·
917 2229 1045 2279 remae
1081 2201 1340 2278 constitutionis
1364 2227 1449 2304 pro·

332 2324 469 2421 geniem
494 2319 628 2420 luisse,
652 2323 834 2398 evicerunt
858 2322 1117 2397 obstructiones
1142 2323 1313 2398 viseerum
1339 2335 1447 2394 nota·

333 2439 448 2536 biles,
486 2454 592 2541 typus
630 2455 850 2541 quartanus,
889 2438 1046 2514 absentia
1081 2439 1346 2532 characterum,
1379 2437 1447 2538 qui

333 2549 489 2630 febribus
513 2557 712 2632 vernalibus
738 2571 963 2660 competunt,
985 2577 1026 2631 ac
1042 2555 1101 2630 illa
1126 2556 1272 2630 demum
1296 2555 1447 2628 circum-

331 2679 482 2774 stantia,
506 2677 603 2779 quod
628 2679 721 2779 aegri
744 2677 870 2754 eodem
894 2676 1023 2750 morbo
1037 2682 1108 2778 jam
1125 2689 1297 2749 autumno
1322 2671 1441 2774 elapsu

330 2815 369 2868 se
393 2793 549 2870 adfectos
575 2789 681 2870 luisse
706 2794 953 2890 testabantur,
978 2817 1086 2895 quare
1111 2793 1261 2894 stipsi,
1295 2789 1379 2864 licet
1401 2791 1439 2861 in

330 2923 407 2987 arte
430 2909 596 3014 profani,
619 2907 815 3017 simplicem
841 2912 1033 2987 recidivum
1058 2909 1259 3012 arguebant
1289 2911 1341 2984 Re
1365 2909 1439 3010 qui-

330 3029 414 3106 dem
439 3053 521 3105 vera
547 3031 653 3106 talem
690 3029 933 3134 patefecemnt
965 3031 1194 3132 pertinaciam
1231 3047 1344 3131 pauca
1381 3025 1442 3102 illa

330 3145 564 3248 exemplaria,
587 3175 678 3249 quac
703 3147 887 3223 tractanda
912 3147 1121 3244 habuimus,
1143 3161 1183 3222 ut
1205 3160 1323 3249 spreta
1348 3170 1442 3218 ama-

328 3289 450 3339 romm
474 3278 511 3338 et
534 3265 746 3341 solventium
776 3267 1013 3342 remediorum
1051 3268 1206 3364 virtute,
1241 3265 1441 3367 potentiora

327 3383 560 3482 antipyretica
584 3384 812 3484 postularent.
846 3385 984 3459 Placuit
1013 3401 1172 3487 repetere
1201 3385 1440 3485 experimenta

328 3501 399 3599 jam
424 3493 551 3600 elapsis
576 3501 755 3576 mensibus
781 3503 964 3605 aliquoties
990 3529 1073 3576 cum
1103 3503 1222 3578 fructu
1257 3501 1442 3598 instituta,

327 3613 455 3714 quibus
491 3631 714 3718 compertum
748 3617 957 3716 habuimus,
995 3619 1174 3694 Cortioem
1207 3621 1441 3721 petavianum

326 3755 432 3831 parca
457 3732 564 3806 etiam
587 3733 664 3808 dosi
689 3736 1002 3810 intermittentibus
1029 3737 1190 3838 iugandis
1213 3735 1393 3831 sufficere,
1410 3737 1439 3808 si

325 3872 538 3949 paroxysmo
562 3849 622 3926 vix
645 3845 831 3951 ingruente
854 3854 1072 3954 propinetur.
1104 3853 1242 3948 Haecoe
1275 3852 1440 3926 medendi

326 3967 538 4066 methodus,
561 3971 700 4072 pridem
725 3999 745 4046 a
771 3973 910 4046 Tonrro
936 3987 973 4046 et
998 3973 1196 4070 Cumsmo,
1221 3999 1263 4045 ac
1287 3997 1440 4073 nupera

326 4086 566 4164 Tnusssmmo
591 4103 628 4163 ct
652 4089 766 4166 Nesse
792 4092 1058 4190 commendata,
1082 4094 1121 4165 in
1138 4117 1181 4166 co
1200 4093 1373 4185 consistit,
1398 4077 1440 4166 ut

326 4203 496 4280 drachma
522 4233 612 4303 unu,
637 4208 693 4282 rel
717 4209 1003 4311 sesquidrachma
1038 4209 1192 4312 pulveris
1218 4209 1352 4282 Chinae
1387 4235 1440 4280 se-

327 4320 440 4396 lectae
464 4325 501 4397 in
526 4324 613 4398 duas
638 4339 759 4427 portes·
780 4325 978 4424 dividatur,
1008 4352 1157 4428 quarum
1193 4319 1307 4428 prima
1343 4324 1439 4398 dosis

311 4429 466 4512 ¹circiter
509 4440 596 4516 bora
633 4456 714 4516 arde
755 4469 1026 4546 paroxysmum,
1057 4441 1164 4518 altem
1206 4441 1294 4518 dum
1330 4439 1439 4542 frigus
