3148 5170
342 371 413 446 262

340 479 447 589 longo
473 501 632 590 ternpore
657 488 694 560 in
718 485 861 562 latebris
886 487 1044 588 corporis
1071 483 1313 561 ciandestine
1342 509 1466 588 proser-

317 605 458 706 pendo
483 595 628 679 undem
653 605 761 679 vitam
787 597 970 680 subveru't
996 607 1229 708 Praecipua,
1246 629 1343 706 quae
1358 605 1462 678 iuter·
1530 642 1536 691 ᾗ

337 723 433 798 vallo
458 725 566 797 trium
591 739 766 798 annorum
791 725 866 798 sine
890 723 968 824 legc
991 717 1028 798 et
1051 717 1188 799 ordine
1216 725 1395 798 miserum
1416 749 1464 796 er-

337 843 539 916 cruciarnnt
563 856 825 944 symptomata,
851 831 967 916 suere:
992 843 1124 918 virium
1150 840 1341 942 languor,
1365 841 1465 928 anxie

339 977 392 1034 tas
420 959 543 1059 sagax,
568 959 776 1061 dyspcpsia,
800 975 921 1034 ructus
946 975 984 1034 et
1009 957 1114 1034 flatus
1145 978 1244 1033 eum
1272 957 1459 1032 transitoria
1538 1043 1540 1058 1

338 1079 508 1179 euphonia
533 1075 692 1178 expulsi,
708 1077 923 1176 scotodinia‚
939 1103 1061 1152 sensus
1078 1076 1361 1152 constrictionis
1377 1101 1464 1176 prae·
1538 1061 1540 1146 ἶ

338 1185 485 1270 iocantis
510 1195 547 1266 iu
573 1193 675 1294 gula,
700 1209 736 1268 et
766 1188 912 1272 fervoris
943 1197 1123 1291 intestini,
1155 1195 1353 1289 tormina,
1376 1191 1459 1264 lum-

336 1313 428 1412 bago
451 1329 517 1414 per
541 1314 635 1386 vices
659 1335 784 1410 saeva,
813 1312 952 1388 dolores
982 1327 1126 1387 artuum
1158 1315 1279 1413 vagi,
1314 1311 1460 1412 inquies,

339 1431 446 1505 febris
470 1433 639 1528 erratica,
663 1431 802 1504 animus
831 1433 935 1506 anxio
970 1435 1071 1506 metu
1107 1419 1244 1506 salutis
1282 1452 1457 1529 recupera·

335 1557 436 1628 turae
460 1552 652 1650 demissus,
676 1551 929 1653 apanthropia,
952 1551 1081 1654 aliique
1106 1551 1275 1654 psyches
1316 1560 1353 1621 et
1386 1569 1455 1620 ooc-

336 1669 561 1745 naestbeseos
585 1669 809 1771 perturbatae
844 1669 1013 1744 adfectus.
1052 1665 1205 1746 Morbus
1245 1687 1318 1771 pro
1354 1665 1455 1766 hypo

337 1789 538 1864 chondriasi
556 1785 752 1862 declaratus
770 1787 968 1860 multifariis
985 1787 1271 1890 oppugnabatur
1291 1780 1454 1872 remediis,

338 1893 425 2010 quin
451 1925 570 1983 tamen
595 1921 757 2009 optatum
782 1905 940 1982 solamen
965 1907 1111 2010 adsequi
1140 1907 1330 2012 puniisset
1355 1923 1449 1998 aeger.

337 2016 452 2100 humo
489 2044 675 2128 progressu
709 2025 905 2128 temporis,
943 2021 1158 2128 perdurante
1205 2041 1448 2099 aerumnarum

338 2144 562 2244 tristiumque
586 2141 833 2242 pathematum
858 2145 1059 2242 occasione,
1083 2143 1225 2218 malum
1253 2139 1371 2216 indies
1384 2159 1448 2238 pru

160 2205 163 2212 Ι
217 2362 225 2372 1
338 2250 517 2338 strndiores
543 2261 618 2334 ixit
641 2260 776 2334 radices
802 2260 909 2360 adeo,
932 2278 974 2338 ut
1008 2256 1129 2340 dolosa
1154 2263 1339 2340 hactenus
1368 2253 1449 2330 iate

340 2397 442 2456 suam
466 2379 661 2481 nequitiam
685 2377 780 2454 ultro
805 2379 920 2456 celate
944 2384 1153 2486 nequiverit

387 2501 453 2575 Die
498 2499 553 2593 ad.
589 2492 795 2574 Decembris
838 2497 929 2604 1817
968 2505 1158 2580 accnimus
1192 2495 1236 2580 iu
1270 2494 1443 2606 epigastrio

337 2619 467 2694 emicat
490 2615 612 2714 dolor,
636 2615 682 2691 ad
706 2617 1019 2720 hypochondrium
1043 2621 1229 2697 sinistrum
1257 2623 1295 2694 ct
1319 2609 1442 2690 lumbos

337 2749 544 2836 protensus,
560 2735 690 2808 comite
702 2736 876 2810 anxietate
892 2737 1105 2812 intolerabili
1122 2763 1163 2814 ae
1180 2738 1337 2816 molesto
1352 2749 1440 2804 sensu

338 2847 524 2944 mtesunae
548 2850 595 2926 ad
618 2851 778 2925 scrobem
804 2848 919 2928 cordis
944 2847 1159 2956 pulsationis.
1184 2853 1338 2932 Accedit
1360 2841 1442 2922 dola

338 2997 418 3045 msa
443 2971 556 3046 tensio
581 2973 677 3072 juata
702 2971 879 3045 internam
903 2961 1048 3048 semoris
1072 2973 1165 3050 laevi
1190 2969 1320 3050 faciem
1335 2983 1439 3045 versus

337 3089 469 3190 inguen
485 3101 670 3190 ponecta3
693 3089 853 3162 continui
871 3105 999 3164 vexant
1014 3107 1136 3166 nactus
1161 3091 1327 3186 inodori,
1350 3089 1439 3182 alqui

340 3198 479 3309 fugaces
511 3207 549 3279 in
584 3205 772 3280 abdomine
803 3223 994 3308 exsurgunt
1018 3223 1195 3308 tumores,
1226 3202 1296 3286 sub
1325 3198 1438 3278 borbr

339 3323 472 3425 rygnris
498 3323 725 3420 torminosis,
751 3344 840 3426 quos
865 3349 886 3397 a
910 3327 1069 3426 spasticis
1094 3327 1342 3404 intestinorum
1370 3337 1437 3390 con·

339 3440 570 3514 tractiouibus
595 3455 691 3514 ortos
716 3443 975 3543 supposuimus.
992 3443 1139 3546 Vesperi
1156 3458 1318 3548 aegrotus
1335 3435 1437 3512 anim⁰

338 3557 521 3660 linquitur.
546 3557 848 3660 Subsequentibus
872 3559 997 3635 diebus
1022 3576 1157 3662 perstat
1173 3567 1435 3668 symptomatum
1539 3597 1540 3646 t

339 3677 602 3780 praedictorum
637 3693 798 3778 caterva3
827 3680 992 3757 increscit
1026 3697 1113 3757 vero
1137 3665 1311 3788 sphygme
1335 3675 1434 3780 epigr·

339 3799 468 3896 scrita,
492 3823 600 3898 quam
625 3799 751 3876 astasia
775 3813 814 3875 et
838 3804 994 3877 anxietas
1022 3803 1209 3880 ineinbilis
1240 3805 1435 3884 comitaturi

340 3915 656 3991 intercurrentibus
680 3914 945 4022 lcipothymiis‚
971 3947 1012 3996 ac
1041 3925 1243 4001 transitorio
1270 3913 1430 4000 levarunt

340 4035 534 4136 Postquam
561 4035 729 4110 nonnulla
755 4039 908 4114 remedia
935 4039 1033 4115 douai
1057 4043 1235 4118 incassum
1263 4037 1433 4118 sumserit,
1539 4035 1540 4056 ¹

341 4144 398 4229 dic
423 4151 457 4228 3.
482 4147 639 4228 Januarii
671 4151 763 4230 1818
789 4153 1151 4236 Nosocomium'adit
1176 4161 1242 4236 Ast
1269 4161 1355 4235 lecto
1382 4141 1429 4218 Vi¹

340 4271 549 4346 commissus
587 4299 744 4374 syncope
780 4273 869 4351 adeo
904 4266 1041 4353 funesta
1070 4279 1281 4383 corripitur,
1309 4286 1346 4351 ut
1370 4281 1436 4339 ¹¹⁰nv

311 4491 314 4498 ¹
341 4388 409 4459 nisi
420 4403 502 4488 post
515 4389 622 4464 horae
639 4392 793 4492 spatium
810 4391 1013 4496 anaiepticis
1030 4411 1067 4470 et
1083 4398 1300 4474 frictionibus
1320 4394 1427 4467 iterum

341 4506 539 4582 resuscitari
563 4511 728 4612 potuerit.
754 4511 928 4590 Postridie
952 4511 1175 4594 in·Scholam
1199 4517 1423 4612 medico-pter
