3228 5166
296 325 346 432 74

294 442 483 524 deflectens
513 445 673 544 tramite,
706 457 811 549 atque
842 443 1038 522 retardatus
1072 443 1274 522 multilaliis
1304 471 1406 550 repa

295 562 384 664 gulis
410 587 581 664 aquarum
604 589 749 661 cursus,
773 563 884 638 indies
910 569 1080 666 majorem
1103 564 1345 666 periculorum
1361 591 1406 640 ex

295 681 530 756 alluvionibus
555 696 689 756 metum
714 683 849 756 incutit
875 681 976 776 Quae
1000 681 1125 758 lutosis
1159 697 1197 758 et
1232 683 1403 784 argillosis

294 798 384 880 Padi
409 800 494 900 ripis
523 801 680 874 tenacius
718 799 922 898 inhaerent,
956 826 1067 901 aquae
1103 802 1271 899 stativae,
1303 801 1407 878 citius

296 914 504 1018 plerumque
528 913 691 1019 dissipari
716 917 831 992 solent
856 923 952 1020 juxta
979 919 1095 994 Ticini
1119 945 1199 995 oras
1224 944 1407 1015 arenosae,

296 1034 358 1110 ubi
382 1061 486 1136 saepe
511 1033 579 1110 Nil
596 1051 739 1139 praeter
758 1037 903 1127 salices,
928 1063 1102 1140 cassaque
1124 1062 1254 1114 comta.

302 1135 307 1242 ἶ
347 1155 508 1229 Alterum
533 1171 569 1230 et
592 1159 651 1232 vix
675 1183 749 1232 non
773 1156 972 1230 uberiorem
997 1157 1118 1232 udonis
1142 1170 1180 1232 et
1195 1153 1405 1230 nebularum

298 1265 433 1350 iontem
457 1276 604 1376 largitur
627 1278 754 1377 inigua
780 1275 1012 1377 agriculturae
1046 1275 1236 1352 methodus
1265 1277 1305 1349 in
1337 1273 1412 1375 pla-

298 1396 385 1469 nitie
411 1395 607 1496 Cispadana
632 1395 739 1496 vulgo
763 1397 973 1472 introducta.
990 1396 1087 1470 Vicit
1106 1395 1292 1472 bominum
1308 1393 1411 1468 indu·

299 1519 384 1590 stria
415 1531 451 1590 et
484 1515 684 1592 sollicitudo
718 1533 832 1591 terrae
856 1517 1168 1592 inioccmrditatem
1178 1569 1194 1605 ,
1228 1517 1412 1617 ipsiusque

300 1649 465 1708 naturam
490 1661 574 1708 cura
599 1649 636 1708 et
660 1633 758 1708 cultu
783 1634 1005 1736 perdomuit,
1034 1635 1210 1735 vertitque
1234 1635 1272 1706 in
1296 1631 1413 1706 solum

300 1751 455 1846 laetum,
479 1751 623 1851 singulis
648 1752 720 1826 sere
745 1752 854 1854 glebis
879 1755 963 1827 fimo
987 1754 1234 1854 impinguatis,
1258 1766 1294 1826 et
1316 1751 1414 1852 gravi

300 1867 417 1966 ligone
441 1871 579 1969 saepius
604 1870 778 1968 subactis,
802 1897 868 1944 nec
892 1897 966 1944 non
989 1871 1112 1946 rivulis
1137 1870 1332 1944 innumeris
1348 1895 1414 1970 per

302 1985 446 2086 praedia
470 1986 631 2062 diductis.
656 1989 832 2090 Diaplrani
856 1987 997 2088 latices,
1027 1990 1186 2062 demissis
1218 2003 1310 2062 stato
1334 1987 1415 2063 loco

304 2132 345 2178 ac
371 2119 529 2206 tempore
564 2134 628 2206 per
661 2109 778 2182 incilia
813 2110 947 2210 portis,
981 2109 1110 2210 quibus
1135 2106 1416 2202 inhibebantur,

305 2239 469 2322 argenteo
502 2224 690 2324 prosiliunt
723 2225 841 2324 fluxu,
875 2252 941 2327 per
973 2252 1103 2327 pascua
1129 2251 1300 2328 agrosque
1326 2223 1416 2298 dila·

304 2340 459 2438 buntur,
482 2341 603 2414 hortos
626 2342 713 2415 altili
729 2343 865 2443 liquore
892 2345 1065 2440 irrorant,
1094 2345 1284 2444 omniaque
1306 2339 1415 2416 finiti-

306 2487 366 2550 ma
395 2461 610 2535 humectant.
641 2463 776 2536 Pascua
801 2465 987 2538 artificiose
1009 2463 1199 2565 disposita,
1234 2487 1324 2563 quae
1357 2457 1418 2558 gli-

307 2576 486 2650 scentibus
524 2581 692 2654 continuo
719 2582 818 2680 aquis
843 2580 1076 2681 proluuntur,
1107 2580 1260 2656 Marcia
1286 2579 1419 2680 passim

307 2693 421 2790 dicta,
456 2697 562 2768 etiam
599 2698 733 2772 medios
768 2700 862 2774 inter
896 2699 1030 2799 algores
1070 2699 1251 2802 hybernas
1282 2695 1417 2774 vernali

307 2812 425 2886 rident
458 2815 612 2912 amictu,
646 2831 771 2916 quater
804 2818 843 2890 in
877 2842 971 2891 anno
1008 2843 1139 2892 noram
1176 2817 1252 2890 sine
1285 2814 1420 2888 semine

308 2949 435 3034 parant
451 2961 624 3032 messem,
647 2937 862 3038 infinitisque
883 2939 1051 3010 armentis
1069 2936 1274 3010 deliciosum
1290 2931 1422 3007 submi·

309 3054 460 3127 nistmnt
484 3053 664 3153 pabulum.
689 3053 782 3130 Hinc
808 3071 953 3132 ovantes
980 3059 1148 3156 juvencae
1168 3066 1308 3154 praeter
1322 3074 1422 3124 men·

309 3196 430 3246 suram
453 3171 606 3246 lacteum
630 3173 851 3274 profundunt
874 3173 1040 3270 laticem,
1073 3173 1135 3273 qui
1168 3184 1305 3244 tantam
1329 3165 1421 3242 casei

310 3292 520 3391 sapidissimi
546 3295 684 3394 copiam
700 3291 868 3394 largitur,
892 3308 934 3367 ut
954 3319 1021 3394 per
1035 3283 1157 3368 omnes
1175 3305 1287 3364 tenae
1303 3287 1421 3390 plagas

311 3409 543 3506 divendatur,
577 3411 807 3513 principalem
842 3413 952 3488 villici
987 3411 1204 3500 efformando
1238 3409 1424 3504 divitiam,

312 3531 388 3628 ejus
414 3529 509 3599 enim
533 3528 728 3602 bonitatem
763 3530 822 3605 vel
856 3533 1080 3605 remotissimi
1109 3529 1233 3632 populi
1256 3539 1422 3628 stupent,

311 3649 442 3720 imitari
459 3675 562 3745 vero,
587 3649 746 3724 abductis
759 3651 866 3724 etiam
883 3653 1010 3724 nostris
1027 3651 1164 3745 vaceis,
1180 3649 1422 3748 nequiverant

314 3769 603 3869 Circumpadanis
628 3785 753 3844 natura
778 3769 888 3844 hocce
910 3770 1045 3846 donum
1061 3771 1203 3872 privum
1218 3793 1294 3842 esse
1310 3765 1424 3842 voluit

314 3875 495 3986 gentibus,
520 3903 556 3960 et
579 3889 725 3990 quidem
748 3890 954 3990 praesertim
977 3887 1070 3984 illia,
1093 3889 1155 3988 qui
1180 3885 1424 3977 Laudensem,

314 4005 614 4080 Mediolanensem
638 4031 678 4080 ac
704 4007 928 4082 Ticinensem
953 4029 1075 4103 agrum
1102 4001 1267 4103 singulari
1302 4000 1424 4076 colunt

312 4125 495 4198 industria.
531 4125 646 4198 Tanta
680 4149 893 4224 pascuorum
928 4122 1106 4198 fertilitate
1141 4137 1178 4194 et
1208 4119 1424 4194 abundantia

313 4245 455 4347 pellecti
478 4259 634 4346 pastores
651 4271 694 4320 ex
710 4243 892 4318 altioribus
915 4271 955 4318 ac
972 4244 1126 4346 depastis
1144 4241 1232 4344 jugis
1248 4237 1425 4314 montium

314 4362 575 4437 limitaneorum
599 4389 679 4436 suas
705 4387 843 4464 greges,
866 4364 1010 4436 ineunte
1025 4361 1172 4456 bruma,
1195 4351 1426 4432 inridentem

315 4483 513 4572 convallem
539 4482 772 4584 Cispadanam
802 4479 992 4558 deducunt.
1029 4479 1119 4554 Sunt
1153 4473 1211 4553 vel
1245 4480 1428 4576 jumenta,
