3158 6116
1253 263 1323 340 nob

214 381 383 482 extendi,
416 377 513 458 unde
556 379 790 457 vastissimum
835 383 909 481 ejus
951 377 1068 455 elucet
1101 381 1326 458 territorium

198 505 320 585 23...1n
344 500 556 604 experientia
581 497 722 574 sandari
746 521 869 571 omnes
894 495 970 572 illas
995 497 1330 596 animadversiones,

215 646 303 725 quus
327 619 540 699 clarissimus
565 615 674 692 Heim
697 615 743 690 de
776 615 941 718 specifico
977 615 1087 694 odore
1115 616 1332 694 scarlatinae

217 737 394 844 protulit,
417 738 551 812 etenim
574 737 613 810 in
637 749 759 809 nostra
793 759 895 834 aegra
925 743 998 808 non
1027 733 1142 810 solum
1167 736 1330 814 materies

215 853 481 960 perspirahilis,
517 851 582 932 sed
618 853 726 926 etiam
759 849 819 925 ille
855 849 948 928 lates
984 852 1332 948 setoso-icborosus,

216 1001 324 1078 quem
348 972 470 1076 plagae
495 969 701 1072 deglubatas
727 983 763 1043 et
788 968 1004 1070 epidcrmide
1027 971 1149 1072 privas
1172 995 1331 1048 accense·

215 1093 330 1190 bant,
353 1079 514 1166 redoluit
542 1089 575 1182 4.
599 1084 832 1169 Artbn'tidem
855 1085 1062 1168 scarlatinae
1087 1087 1201 1188 gravis
1225 1087 1331 1164 satel-

216 1211 318 1286 litem
353 1234 428 1286 non
462 1207 721 1309 bshequentem
758 1231 842 1282 esse.
883 1205 916 1282 5.
951 1207 1232 1309 Indigestiones,
1264 1209 1331 1288 eni

217 1331 337 1430 leves,
360 1333 399 1406 in
424 1326 750 1405 convalescernibus
780 1335 926 1409 acutum
959 1327 1126 1402 morbum
1159 1329 1220 1402 vix
1253 1353 1332 1432 per·

218 1452 329 1552 pessis
362 1448 517 1529 monimo
553 1459 684 1520 terrere
716 1443 883 1546 periculo.
908 1486 959 1512 -w
982 1443 1156 1520 Ultimsm
1196 1443 1331 1522 bancos

219 1569 404 1646 veritatem
427 1588 501 1646 non
525 1562 642 1640 solum
665 1563 703 1642 in
727 1563 826 1664 praxi
850 1562 1014 1664 privata,
1042 1558 1107 1643 sed
1131 1563 1238 1638 mam
1261 1586 1330 1638 no.-

215 1681 401 1764 socomieli
418 1695 490 1780 ,et
513 1681 671 1763 mammo
689 1681 728 1755 in
743 1675 964 1782 ¹Nonoocmio
997 1679 1166 1776 militari,
1198 1679 1334 1758 Vindo-

218 1802 335 1878 bonae
359 1801 464 1880 Anno
495 1798 599 1892 ιδιά.
624 1824 645 1875 u
668 1823 728 1872 ‘me
753 1794 914 1894 directo,
938 1799 1181 1873 confirmatam
1206 1798 1331 1878 crebro

221 1919 340 1996 habui
366 1917 514 1994 Robusti
539 1930 645 2020 atque
668 1913 828 1991 lacertosi
854 1914 1006 2013 milites,
1030 1917 1251 2016 gravissimos
1276 1931 1334 2020 ty·

218 2037 316 2140 phos
350 2035 527 2112 lhrtunate
563 2031 757 2132 exantlati,
791 2061 833 2108 ac
868 2033 998 2109 laetam
1032 2033 1335 2112 convalescentiae

222 2157 319 2231 viam
354 2165 586 2256 prementes,
626 2165 709 2254 post
748 2151 985 2226 inconsultam
1022 2152 1333 2252 ingurgitationem
1402 2221 1404 2224 .

216 2273 314 2348 intre
338 2269 637 2373 nycthemerum,
660 2267 771 2344 veluti
794 2266 839 2352 de
864 2269 963 2345 coelo
994 2273 1078 2345 tacti
1115 2271 1333 2368 obirerunt,

223 2387 448 2470 indomabilis
473 2387 871 2462 voracitatis-victimae.
895 2385 1125 2488 Apoplexiam
1149 2397 1336 2472 nervosam

227 2509 351 2583 mortis
375 2507 547 2582 rationem
572 2505 705 2602 luisse,
729 2506 908 2607 extispicia
939 2505 1164 2604 docuerunt,
1195 2503 1336 2586 nullum

226 2627 323 2700 enim
345 2625 504 2700 invenire
528 2625 629 2726 potui
653 2625 806 2722 vitium,
840 2625 897 2698 oui
932 2627 1166 2727 improvisum
1201 2623 1335 2702 adsert-

165 2791 168 2801 ·
225 2745 310 2820 hore
334 2742 481 2824 lethum.

617 2881 723 2936 sons}
749 2883 938 2938 secaturos.

278 3097 376 3192 Quid
399 3095 515 3174 valeat
538 3123 594 3173 ars
619 3095 777 3198 medica,
800 3099 905 3175 rectis
936 3101 1111 3177 conducta
1140 3101 1339 3204 principiis,

223 3242 271 3290 ac
295 3215 470 3293 medentis
495 3219 775 3318 perseverantia,
797 3243 863 3294 nos
880 3219 1123 3296 condocefecit
1138 3247 1239 3296 easns
1260 3247 1339 3322 per·

228 3334 341 3408 sectae
365 3329 559 3436 aphoru'ae,
582 3337 655 3436 jam
679 3361 700 3412 a
724 3333 884 3438 pluribus
900 3335 1132 3412 hebdomadis
1149 3341 1338 3440 persisten-

233 3452 294 3547 tis,
318 3475 408 3550 quae
433 3450 624 3549 virginem,
640 3449 845 3554 hymenaeis
860 3451 1001 3528 laetitiis
1017 3455 1230 3554 proximam,
1245 3481 1340 3532 sum·

229 3596 289 3644 mo
314 3565 449 3643 adflixit
473 3593 641 3646 moerore.
665 3571 798 3646 Ansam
822 3569 922 3646 dedit
938 3571 1119 3645 catarrhus
1135 3569 1340 3673 lnryngcus,

229 3685 381 3761 levitatis
405 3684 487 3760 suco
512 3685 705 3786 seducens,
729 3703 767 3765 et
789 3687 980 3790 neglectus.
1005 3689 1059 3766 De
1084 3687 1201 3792 aliqua
1229 3691 1342 3769 inita·

231 3805 326 3878 tione
349 3805 388 3876 in
413 3828 544 3902 organo
568 3805 665 3878 vocis
691 3807 808 3882 adhuc
825 3807 1011 3908 superstite
1033 3807 1203 3902 convicti,
1218 3830 1341 3880 curam

230 3947 251 3996 a
274 3921 437 3996 remediis
462 3919 744 4023 mucilaginosis,
768 3921 1077 4026 cataplasmatibus
1093 3936 1131 3997 et
1150 3919 1344 4023 vaporibus

231 4039 516 4136 emollientibus,
556 4066 624 4143 ope
668 4042 855 4118 machinae
897 4039 1115 4142 Mudgeanae
1157 4037 1344 4134 adtractis,

231 4157 345 4230 exorsi
369 4182 502 4234 sumus.
526 4157 721 4260 Postquam
747 4185 850 4260 aegra
874 4157 1009 4234 nullam
1031 4155 1182 4259 emplius
1206 4157 1244 4230 in
1269 4167 1345 4255 gut·

232 4287 311 4358 ture
335 4275 532 4352 molestiam
557 4278 754 4378 persensit,
773 4277 964 4380 omnisque
985 4275 1156 4352 tussiendi
1180 4270 1345 4349 stimulus

147 4495 152 4502 '
232 4393 394 4494 evanuit,
418 4394 555 4473 interne
593 4393 760 4514 pulveres
795 4395 955 4480 elumen
988 4391 1172 4489 dedimus,
1204 4404 1359 4508 fflssfflll„
