3228 5166
177 469 289 542 tiones
322 470 495 570 insignem
523 468 687 543 Numinis
723 467 834 542 instar
869 453 1043 566 colentes,
1073 474 1218 574 ejusque
1248 473 1286 546 in

175 585 347 662 honorem
370 587 473 690 plura
515 599 714 662 extruentes
740 587 837 684 fana,
861 588 913 659 uti
935 588 1175 688 Arunnreuss,
1191 593 1284 664 Pna-

175 725 362 801 oannnuar,
384 706 632 798 Eercaurumr,
656 704 781 798 Coun,
804 716 911 801 atque
928 703 1133 778 ancctnurr
1143 759 1158 797 ‚
1183 711 1284 780 incu-

175 817 312 895 bationi
343 845 527 919 aegrorum
553 819 679 892 dicata.
711 819 765 891 Ita
801 818 968 892 effectum
1003 833 1077 916 est,
1100 833 1141 894 ut
1165 821 1286 922 religio

174 939 372 1014 medicinae
394 939 667 1035 immisceretur,
695 938 831 1037 istaque
860 937 898 1010 in
929 951 1140 1038 potestatem
1165 941 1284 1014 Sacer-

176 1058 304 1132 dotum
321 1057 498 1154 transiret,
514 1083 602 1158 quos
618 1057 657 1132 in
673 1055 761 1131 duas
777 1053 991 1137 dirimebant
1013 1055 1149 1130 classes.
1166 1057 1285 1130 Sacer-

175 1176 277 1251 dotes
301 1177 488 1278 superioris
514 1175 663 1273 ordinis,
685 1175 915 1270 Paorueran,
939 1177 1209 1250 reconditiorem
1233 1192 1286 1250 te-

175 1293 310 1372 nebant
334 1293 418 1367 artis
433 1291 631 1366 salutiferae
647 1306 783 1393 partem
797 1346 807 1387 ,
823 1317 914 1392 quae
938 1293 1080 1394 magicis
1107 1291 1288 1391 formulis,

172 1411 356 1486 insomniis
391 1410 629 1506 divinatoriis,
664 1409 947 1512 daemonumque
984 1409 1113 1490 auxilio
1144 1413 1285 1512 potius,

172 1557 282 1631 quam
303 1527 568 1604 medicamentis
593 1527 714 1629 adjuta
747 1529 823 1608 vim
866 1553 967 1602 suam
1004 1552 1144 1602 exerere
1185 1529 1284 1604 vide-

173 1645 289 1719 batur.
313 1646 517 1719 Sacerdotes
543 1659 665 1719 ccntra
689 1645 863 1724 irrfbrioris
888 1645 1044 1742 ordinis,
1067 1648 1128 1748 qui
1153 1647 1287 1722 Pisso-

174 1790 302 1860 ruronr,
331 1749 393 1837 seu
429 1761 537 1864 pallio
571 1763 727 1838 distincti
764 1763 1033 1862 vocitabantur,
1064 1789 1105 1838 ea
1141 1791 1284 1866 prorsus

172 1881 274 1979 sequi
298 1879 474 1953 debebant
497 1894 705 1982 praecepta,
740 1907 830 1981 quae
864 1881 902 1952 in
936 1907 998 1958 sex
1028 1881 1161 1959 ultimis
1186 1879 1285 1960 libris

174 1997 387 2095 seriptcmm
410 1997 665 2072 Hermaeorum
699 2012 800 2072 erant
834 1996 972 2080 tradita.
1004 2000 1093 2102 Ipsis
1119 2025 1147 2074 s
1173 2027 1204 2100 g.
1229 2001 1284 2072 irr-

175 2113 365 2188 tcrdictum
389 2129 483 2212 erat,
506 2141 552 2188 na
578 2115 732 2190 febribus
757 2117 869 2192 acutis
893 2131 976 2202 aute
998 2133 1165 2220 quartum
1189 2119 1284 2206 diem

175 2234 368 2336 quidquam
392 2235 538 2310 remedii
563 2235 771 2314 adluberent
796 2237 1000 2331 (Drocoucs
1026 2239 1170 2318 Srcunus
1188 2244 1209 2332 ).

171 2407 176 2412 -
223 2356 267 2426 ln
290 2353 432 2456 templis
456 2354 656 2430 incubaturi
673 2355 886 2457 peragebant
902 2359 1020 2451 varia,
1043 2372 1228 2459 antequam
1246 2359 1285 2433 id

173 2469 287 2548 lacere
312 2470 604 2572 adgrederentur,
634 2471 762 2573 quibus
779 2471 946 2550 *Numina
980 2474 1133 2574 propitia
1161 2473 1285 2571 reddi,

174 2603 213 2660 et
237 2589 284 2662 ad
307 2588 482 2668 mittenda
498 2591 633 2666 somnia
651 2589 743 2669 laeta
760 2592 898 2664 incitari
923 2591 991 2668 sibi
1014 2591 1282 2694 persuadebant.

172 2705 405 2782 Abstirrebaut
422 2735 453 2783 v.
471 2735 502 2809 g.
518 2735 583 2810 per
600 2708 735 2810 aliquot
750 2708 825 2789 dies
850 2736 871 2783 a
888 2709 970 2784 cibo
994 2725 1031 2783 et
1055 2725 1161 2811 potu,
1184 2735 1283 2784 sacra

171 2827 279 2902 etiam
297 2825 498 2924 faciebant,
522 2827 687 2901 arietibus
705 2827 763 2902 vel
779 2827 905 2903 ovibus
930 2827 1134 2923 immolatis,
1151 2829 1282 2927 quippe

168 2969 323 3045 quorum
347 2943 498 3044 pellibus
522 2943 707 3018 substratis
731 2945 970 3041 incubabant,
997 2958 1033 3016 et
1063 2943 1121 3017 vel
1146 2943 1212 3015 hac
1237 2945 1282 3020 de

170 3087 211 3134 re
235 3059 303 3134 sibi
326 3061 419 3134 Deos
443 3087 518 3135 non
541 3061 725 3136 defuturos
750 3087 826 3138 asse
851 3059 1084 3140 confidebant.
1109 3061 1284 3136 Incuban-

172 3177 267 3252 tibus
291 3203 377 3252 vero
401 3203 508 3279 super
530 3177 640 3280 pelles
669 3191 795 3256 stratas
824 3179 922 3252 varia
953 3203 991 3254 se
1019 3205 1058 3252 se
1087 3177 1282 3255 ollbrebarrt

169 3295 333 3392 somnia,
355 3335 407 3352 -··
430 3295 528 3396 quod
551 3295 676 3370 saltem
701 3295 768 3368 sibi
796 3321 1002 3398 persuasum
1032 3296 1207 3394 habuere,
1230 3341 1281 3356 -

168 3427 213 3487 ct
236 3411 398 3488 viderent
422 3411 480 3488 vel
504 3439 560 3486 res
584 3413 679 3514 ipsas
703 3412 770 3486 sibi
795 3427 1000 3510 eventuras,
1031 3412 1088 3490 val
1118 3414 1281 3490 audirent

169 3535 215 3610 ab
240 3535 430 3636 adparentc
455 3561 520 3636 per
543 3537 721 3610 somnium
744 3533 900 3610 Numina
923 3535 1171 3632 medicamina,
1200 3561 1280 3639 pro

168 3651 324 3752 fligandc
346 3651 474 3727 morbo
497 3651 634 3728 idonea.
659 3651 859 3727 Accedebat
883 3653 993 3754 aegris
1017 3651 1199 3748 sacerdos,
1215 3653 1280 3728 Aa·

99 3811 100 3814 ¹
170 3769 317 3871 scolapii
343 3767 531 3872 chlamyde
554 3771 721 3869 indutus,
738 3771 929 3845 comitante
951 3769 1103 3844 flliamm
1120 3785 1279 3869 caterva,

168 3890 364 3964 necessaria
388 3889 693 3990 administraturus
717 3889 899 3990 praesidia.
916 3889 1104 3967 Curatione
1129 3887 1280 3967 feliciter

168 4021 311 4108 peracta
336 4005 475 4081 tabulas
499 4013 628 4082 votivas
658 4007 870 4108 parietibus,
899 4005 958 4080 vel
993 4005 1166 4095 columnis
1191 4023 1279 4084 tem-

162 4125 310 4227 :plorum
335 4123 603 4227 adpendebant,
632 4125 761 4227 quibus
795 4123 853 4200 vel
888 4124 1128 4202 inscribebant
1161 4125 1278 4198 morbi

168 4241 374 4338 histcriam,
398 4241 642 4344 phaenomena
667 4255 704 4316 et
728 4243 917 4318 curationis
948 4241 1116 4336 modurn,
1138 4241 1196 4316 vel
1221 4243 1276 4344 pi·

168 4373 263 4434 ctam
288 4357 531 4461 exprimebant
557 4357 708 4434 membri
743 4372 846 4434 antea
879 4357 1071 4436 laborantis
1106 4359 1278 4460 figuram,

162 4479 206 4554 in
230 4489 348 4577 gratae
364 4477 494 4551 mentis
520 4489 684 4554 tesseram
696 4501 820 4577 ,more
836 4475 1010 4583 hodieque
1029 4477 1067 4549 in
1089 4479 1276 4581 permultis
