3148 5170
370 339 441 414 272

368 457 459 524 cru,
494 443 531 504 et
560 431 713 510 Aur-run.
749 422 876 508 Nullus
914 449 1034 508 tumen
1070 447 1228 518 uetertrm
1260 436 1511 510 medicorum

366 547 513 620 Guneus
549 551 704 622 exactius
741 549 921 650 pelliculas
957 552 1114 624 intestini
1145 553 1271 626 abrasi·
1292 554 1509 650 iinlicarit,

363 669 519 762 ξυσμοτιι
530 667 797 770 compellando,
812 671 909 771 quod
925 671 1021 746 idem
1033 672 1196 773 exprimit
1209 699 1250 745 ac
1262 674 1505 771 strigmenta.

361 785 563 886 Descriptio
597 787 820 889 dysenteriae
858 789 1058 884 ulcerosae,
1093 813 1202 890 quam
1229 817 1411 863 summus
1439 791 1502 864 ifle

363 904 522 978 medious
559 907 797 1005 Pergamenus
832 908 1032 1008 posteritati
1061 907 1225 1008 reliquit,
1263 921 1374 982 tanta
1404 911 1499 982 nitet

362 1023 622 1118 exaou'tudine,
647 1023 809 1098 utnulla
834 1025 953 1124 magis.
970 1067 1021 1085 -.·
1037 1023 1144 1117 Quod
1161 1024 1309 1099 tandem
1340 1025 1496 1100 tertium

362 1143 498 1222 adtinet
527 1143 799 1245 phaenomenon
831 1147 868 1218 in
898 1145 1069 1222 sudavere
1104 1145 1402 1246 deprehensum,
1440 1148 1493 1218 iu·

360 1273 498 1338 sunum
522 1274 646 1362 utpote
671 1260 847 1334 vesioulae
871 1261 995 1336 selleae
1019 1261 1250 1362 repletionem
1276 1277 1316 1336 et
1349 1290 1491 1363 expen-

359 1375 518 1472 sionem,
541 1378 616 1477 ipsa
633 1377 812 1478 phlogosis
829 1380 1030 1452 calamitosa
1046 1382 1296 1455 intestinorum
1316 1383 1489 1457 tenuium

358 1491 407 1566 ad
429 1493 629 1578 velamenta
653 1523 865 1596 organorum
889 1497 1187 1597 obolophoromm
1205 1505 1321 1598 (quae
1347 1501 1490 1599 pariter

357 1637 503 1689 muoosa
527 1623 637 1709 sunt)
659 1633 875 1718 propagata,
900 1645 941 1692 ec
966 1619 1125 1718 pendam
1149 1619 1235 1692 inde
1263 1633 1415 1712 tumor,
1444 1618 1486 1692 li-

357 1729 444 1805 bero
480 1731 626 1808 obstarrs
658 1733 738 1810 bilis
770 1735 899 1829 exitui,
935 1737 1161 1835 praeeipuam
1185 1760 1308 1808 misam
1337 1734 1484 1809 dedisse

357 1849 507 1925 videtur.
533 1852 736 1948 Seremus,
761 1853 952 1947 Curianus,
973 1853 1236 1947 Linousuruus,
1261 1866 1299 1924 et
1314 1853 1483 1926 Bon-rius

356 1967 522 2066 analogas
557 1968 822 2045 observationes
863 1968 1069 2042 retulerunt
1104 1969 1312 2068 systematis
1351 1968 1481 2042 oholo-

355 2085 484 2184 pobtici
509 2083 627 2157 labem
652 2087 844 2160 universim
868 2088 906 2159 in
931 2085 1194 2160 difficultatibus
1219 2087 1480 2161 intestinorum

355 2202 531 2276 obrouicis
555 2203 652 2277 haud
668 2230 784 2277 raram
801 2229 876 2278 esse
890 2261 899 2298 ,
924 2210 997 2304 jam
1018 2205 1228 2290 Αιειιιιιιιιι
1245 2205 1477 2285 Taunus

356 2333 394 2406 et
417 2321 556 2402 Ptuuus
581 2319 763 2403 Aeolum
791 2320 997 2406 docuerunt

678 2553 903 2631 nisinun
945 2555 1144 2651 Quium.

635 2797 820 2911 Myositis
849 2797 1182 2884 iliaco-lumbulis.

401 3030 511 3130 Virgo
534 3029 679 3108 robusta
703 3043 740 3102 et
764 3042 909 3130 vegeta,
939 3055 996 3102 ar.
1027 3031 1150 3104 aeteus
1174 3055 1310 3104 annum
1335 3057 1471 3130 augme,

350 3150 506 3225 secunda
542 3175 681 3250 seraper
716 3147 898 3224 fruebatur
921 3149 1144 3248 valetudine3
1168 3175 1236 3224 neo
1261 3149 1378 3223 ullum
1404 3177 1468 3251 po-

351 3267 533 3341 sthumum
559 3265 700 3368 reliquit
725 3266 833 3340 febris
855 3267 1025 3362 tertiana,
1050 3281 1132 3341 ante
1156 3267 1344 3342 biennium
1373 3269 1465 3343 Cor·

351 3389 420 3462 tice
443 3389 637 3488 peruviano
653 3387 810 3486 perlbote
823 3385 970 3460 sublata.
987 3387 1053 3460 Die
1076 3413 1128 3490 17.
1146 3386 1328 3460 Februarii
1353 3388 1466 3483 1818,

349 3517 431 3606 post
454 3529 576 3604 graves
601 3503 758 3599 labores,
781 3529 871 3606 quos
895 3504 934 3577 in
949 3506 1041 3604 agris
1056 3503 1213 3578 colendis
1229 3503 1298 3576 snb
1314 3502 1461 3582 adrem

349 3628 566 3723 tempestatis
591 3621 794 3697 oouditione
827 3615 874 3696 ab
907 3621 1008 3702 horis
1038 3621 1243 3698 sublucanis
1277 3625 1461 3724 usquead

347 3744 519 3823 devexam
543 3741 639 3816 diem
662 3741 830 3840 sustulit,
861 3757 967 3820 acuto
1005 3745 1195 3844 corripitur
1218 3743 1342 3820 dolore
1367 3741 1462 3816 lum,

348 3865 477 3938 borum
501 3861 548 3938 etl
573 3861 802 3936 coxendieem
825 3861 986 3936 derbem
1010 3875 1201 3964 protamo,
1224 3863 1273 3936 ita
1294 3861 1462 3963 quedem,

347 3993 488 4055 utnon
525 3977 642 4060 solum
671 3979 828 4053 inoessus
858 3979 1108 4080 impossibilis,
1136 3981 1330 4054 sedetiam
1356 4005 1460 4054 omne

346 4098 420 4170 sere
457 4111 625 4170 truncum
658 4094 826 4172 movendi
861 4109 1043 4172 imitamen
1079 4123 1218 4172 summe
1255 4095 1458 4176 dolomsum

346 4215 563 4290 redderetur.
580 4211 662 4286 Pari
680 4226 839 4313 tempore
856 4211 970 4314 cupite
986 4213 1123 4312 doluit,
1147 4213 1275 4311 ualuit,
1299 4227 1336 4288 et
1350 4211 1456 4290 bilem

346 4333 525 4428 evomuit,
556 4355 732 4404 summam
762 4345 885 4430 questa
917 4332 1047 4406 virium
1077 4333 1360 4434 prostrationem.
1389 4331 1454 4406 Ac·

345 4453 490 4528 cei-situs
516 4449 742 4556 subsequenti
767 4449 825 4528 die
850 4451 1044 4555 Chirurgus
1069 4450 1207 4528 duabus
1225 4452 1451 4530 venaeseeuo
