3264 5194
1226 314 1286 360 ιιι

183 439 261 486 esse
287 405 469 503 defendit,
491 403 618 480 Fusae.
645 403 844 480 Marmara!
871 409 920 495 (1)
943 418 979 476 et
1003 401 1076 480 Jos.
1103 407 1295 500 Moneri-r,

184 527 371 602 clarissimi
395 523 507 598 nostri
531 521 702 596 Athenaei
726 517 966 620 Professores,
996 523 1127 597 iteratis
1158 525 1294 626 experi-

181 646 314 722 mentis
338 641 574 744 praesentiam
596 638 763 716 materiae'
784 639 1084 736 vegeto-animalis
1101 641 1297 739 glutinosae

179 765 386 855 ericcmut,
411 758 513 859 copia
537 769 656 856 tamen
681 755 826 854 exigua,
861 769 897 828 ct
930 755 1107 856 qualitatis
1138 759 1295 832 diversae
1322 761 1323 764 ’

181 881 231 956 sb
255 879 338 977 illa,
362 903 453 980 quae
477 877 515 949 in
539 875 657 948 tritico
692 889 728 948 et
758 901 864 976 oryza
890 875 1068 951 ordinario
1093 891 1131 952 et
1154 878 1296 952 abunde

180 997 373 1074 invenitur.
409 993 542 1068 Gluten
578 992 710 1097 sudriae
748 993 849 1094 Mays
883 993 985 1067 offert
1019 1007 1195 1068 texturam
1220 994 1295 1069 lila-

182 1127 406 1208 mentonem,
430 1110 673 1186 clasticitatem
697 1109 811 1183 multo
846 1112 1043 1210 minorem,
1078 1103 1199 1214 estque
1235 1139 1295 1188 co-

181 1233 270 1309 loris
304 1229 498 1308 flavicantis
540 1231 578 1302 in
615 1231 762 1328 gratiam
794 1227 1010 1306 substantiae
1035 1234 1209 1307 resinosae
1233 1233 1308 1307 aad·¹

182 1351 325 1424 mixtae.
360 1349 462 1422 Hanc
497 1343 544 1420 ob
578 1347 752 1420 rationem
786 1348 887 1452 panis
923 1347 1007 1422 inde
1031 1347 1197 1452 paratae,
1231 1353 1297 1424 etsi

181 1467 302 1568 aliqua
339 1464 555 1566 ingrediatur
588 1463 721 1546 sannae
762 1463 935 1560 secalinac
975 1467 1120 1566 portio,
1157 1459 1299 1563 sicous',

182 1583 358 1684 friabilis,
390 1581 631 1684 ponderosus,
664 1581 766 1655 facile
802 1595 987 1680 acescens,
1022 1611 1063 1658 ac
1102 1585 1296 1688 dyspeptus

182 1702 328 1798 evadit,
361 1701 400 1773 in
434 1725 516 1796 ore,
544 1713 586 1772 ut
610 1696 716 1799 vulgo
741 1703 860 1798 ajunt,
890 1690 1115 1799 intumescit,
1144 1731 1184 1776 ac
1209 1694 1298 1777 dilli-

183 1818 302 1894 culter
325 1815 536 1916 deglutitur,
559 1817 626 1892 nisi
642 1827 730 1917 potu
747 1815 903 1889 diluatur
924 1817 1048 1916 bolus,
1075 1811 1298 1922 fauciumque

183 1939 245 2014 via
270 1920 472 2012 lubricatur.
505 1935 587 2036 Ipsa
621 1933 787 2036 polenta,
819 1961 910 2037 quae
939 1947 1085 2038 paratur
1120 1965 1163 2012 ex
1187 1939 1304 2013 larina'

182 2059 225 2130 in
249 2063 359 2156 aqua,
379 2053 504 2128 addito
528 2052 684 2156 pauxillo
709 2051 811 2148 salis,
836 2055 882 2126 ad
907 2055 1173 2129 consistentiam
1189 2057 1307 2158 pultis

183 2170 411 2249 duriusculae
435 2185 559 2268 cocta,
593 2173 659 2244 etsi
690 2169 826 2270 digestu
859 2171 1011 2268 sarcilior,
1041 2201 1149 2274 quam
1173 2178 1299 2276 panis,

181 2295 361 2370 illibatum
384 2291 541 2396 postulat
564 2291 751 2367 ventriculi
776 2291 893 2368 robur.
923 2293 1027 2366 Patet
1055 2295 1164 2391 inde,
1194 2321 1299 2369 usum

182 2412 293 2487 solius
328 2412 460 2485 farinae
496 2411 618 2512 Mays,
652 2407 885 2483 eorrdimentis
921 2413 1088 2511 privum,
1117 2405 1312 2514 'nullisque'

183 2529 262 2605 aliis
287 2527 485 2604 salubribus
510 2527 636 2601 eduliis
660 2526 934 2628 interpolatum,
959 2527 1225 2604 adsimilationis
1249 2529 1302 2604 ol·

183 2649 327 2723 ticinum
352 2645 548 2720 necessario
572 2639 749 2719 offendere
774 2643 923 2741 debere,
948 2659 1048 2739 tento
1064 2647 1207 2748 quidem
1223 2673 1298 2722 ma·

185 2768 261 2866 gis,
284 2767 315 2838 si
339 2779 394 2840 tot
417 2765 506 2840 aliae
531 2779 745 2838 concurrant
769 2765 1074 2862 circumstantiae,
1102 2793 1192 2867 quae
1219 2769 1298 2840 uni-

184 2885 279 2956 versi
304 2882 490 2982 organismi
501 2935 513 2982 ,
537 2897 573 2956 et
596 2884 778 2982 speciatim
795 2884 924 2956 virium
941 2884 1174 2985 digerentium
1191 2885 1302 2960 robur

185 3001 403 3102 infringunt,
426 3015 673 3102 prosternunt,
699 3001 926 3101 pessundant.

272 3131 319 3218 (ι)
339 3135 384 3196 Da
414 3135 473 3196 Zea
505 3137 588 3220 Mays
620 3131 746 3218 planta,
775 3133 924 3220 analytica
956 3136 1146 3222 disquisitio,
1178 3145 1300 3201 stidore

357 3235 544 3300 Fusucrsco
563 3237 764 3301 nusum.
786 3237 905 3321 Pupius.
934 3243 1022 3324 ¹795·

240 3355 283 3434 Iu
307 3353 544 3457 progignenda
568 3353 721 3456 pcllngra
747 3361 919 3432 aaronem
956 3361 1098 3433 maximi
1127 3360 1298 3436 momenti

187 3477 382 3578 proplrasin
407 3503 505 3573 esse,
528 3500 652 3549 omnes
677 3477 888 3551 unanimiter
912 3477 1109 3554 defendunt
1131 3481 1303 3588 practici,

187 3623 230 3668 ea
255 3597 381 3674 moniti
416 3594 678 3692 observatione,
712 3595 810 3696 quod
844 3595 988 3670 morbus
1022 3600 1060 3672 in
1097 3599 1300 3674 hominibus

187 3717 330 3788 infimae
355 3727 495 3790 tantum
519 3715 623 3788 sortis
647 3741 748 3788 suam
773 3715 964 3814 ingluviem
981 3715 1201 3818 depascitur,
1225 3719 1300 3818 opi·

188 3861 274 3935 pare
297 3835 496 3909 viventibus
520 3835 708 3935 parcendo.
734 3833 898 3936 Objicere
915 3835 1059 3935 quidem
1075 3835 1200 3936 aliquis
1219 3861 1299 3938 pos-

188 3967 265 4050 set,
290 3954 504 4054 paupertatis
528 3953 717 4054 imperium
742 3952 830 4026 adeo
856 3967 995 4026 vastum
1019 3977 1117 4049 esse,
1144 3951 1299 4026 utnulla

188 4071 236 4143 sit
259 4069 365 4172 hujus
390 4069 484 4144 orbis
508 4069 631 4171 plaga,
655 4071 692 4143 in
718 4095 787 4172 qna
812 4071 984 4146 maximus
1010 4071 1206 4146 incolamm
1231 4097 1299 4144 nu·

189 4215 307 4263 ruerus
332 4187 514 4264 subdam
539 4194 613 4291 ejus
639 4193 721 4290 jugo
746 4213 884 4290 gemere
906 4215 979 4264 nou
997 4205 1199 4292 cogeretur,
1223 4189 1300 4292 pel·

189 4304 304 4405 lagrae
328 4307 599 4384 territorium-e
630 4333 800 4382 conuerso
831 4307 1038 4382 arctioribus
1064 4323 1202 4382 tanturn
1229 4309 1299 4384 cir·

191 4425 379 4499 curmeribi
397 4425 564 4501 corrsuriis.
578 4422 782 4504 Notandum
801 4453 883 4504 vero
901 4441 974 4522 est,
991 4427 1025 4500 in
1044 4426 1147 4530 plebe
1173 4431 1299 4508 misera
