3228 5166
322 319 373 414 66
878 416 881 422 ,

321 481 413 558 quac
437 451 751 560 apotherapeusin‚
772 439 848 530 sive
864 437 987 524 curam
1003 449 1237 551 analepticam
1253 447 1432 553 dirigunt3

319 575 388 652 hac
412 579 508 653 enim
530 575 688 676 neglecta
725 569 1046 648 convalescentium
1080 594 1156 644 sors
1190 595 1310 644 rursus
1335 571 1430 678 peri·

319 691 469 770 clitatur.
493 699 550 752 —'
568 690 755 795 Ejusmodi
791 695 867 800 jam!
900 689 1148 790 praecautione
1185 701 1285 764 tanto
1318 691 1430 790 magis

318 837 409 914 opus
433 825 507 908 est,
531 835 614 884 cum
638 809 850 910 plerumque·
869 823 1042 909 pauperes
1067 806 1201 880 clinicis
1233 807 1430 909 excipiso·

317 929 415 1004 leant
438 929 604 1026 aedibus,
627 927 710 1030 qui,
744 926 944 1002 domesticis
971 939 1129 999 carentes
1160 925 1379 1024 commodis,
1407 953 1430 1001 e

317 1044 531 1124 Nosocomio
556 1048 615 1122 rix
639 1046 766 1144 egressi
790 1043 885 1118 illico
910 1069 1032 1143 graves
1064 1041 1230 1118 accedere
1264 1041 1431 1142 labores,

318 1163 377 1240 vel
399 1163 525 1240 iisdem
543 1165 700 1266 injuriis,
723 1160 819 1238 unde
844 1161 1019 1240 ,morbum
1051 1175 1275 1260 contraxere,
1305 1161 1426 1238 denuo

319 1283 447 1384 exponi
473 1295 655 1382 coguntur.
835 1297 838 1304 '

369 1398 427 1472 Ob
452 1398 603 1473 eandem
626 1401 799 1473 rationem
822 1393 903 1501 illos
928 1397 1059 1497 pariter
1082 1399 1121 1503 in
1152 1397 1279 1472 Schola
1305 1395 1430 1473 clinica

318 1515 510 1591 retinemus
535 1541 677 1617 aegros,
700 1517 763 1617 qui
786 1516 968 1616 primitivo
992 1513 1119 1588 morbo
1144 1515 1285 1592 devicto
1313 1517 1352 1590 in
1375 1542 1430 1592 sc·

317 1637 506 1712 emadan'as
542 1629 705 1714 incidunt
734 1631 838 1710 labes.
875 1635 1013 1709 Harum
1050 1634 1196 1734 diligens
1231 1635 1432 1712 observatio

318 1779 393 1829 non
416 1757 570 1831 minores
587 1753 767 1857 discipulis
784 1752 887 1829 offert
903 1751 1080 1826 utilitates.
1092 1753 1242 1855 Insuper
1257 1753 1303 1829 dc
1319 1756 1432 1830 omni-

318 1871 386 1948 bus
410 1871 480 1948 illis
514 1863 708 1949 edocentur
740 1871 907 1946 medendi
941 1869 1156 1967 rationibus,
1187 1897 1278 1972 quae
1302 1872 1361 1948 vel
1385 1873 1431 1948 ad

318 1990 478 2096 sequelas
494 1988 701 2096 posthumae
736 1997 881 2096 jamjam
913 1989 1072 2068 evolutas
1110 1987 1351 2093 dissipandas,
1373 1993 1431 2069 vel

320 2110 367 2186 ad
402 2121 526 2187 earum
558 2110 716 2188 favillam
747 2112 787 2186 in
820 2111 961 2212 origine
989 2109 1232 2188 suffocandum
1270 2112 1432 2214 usurpari

321 2227 462 2306 debent,

295 2387 298 2394 .
371 2345 472 2439 Quos
496 2345 709 2423 inexorabile
735 2345 848 2422 latum
872 2371 892 2421 e
916 2345 1035 2425 medio
1051 2349 1163 2449 rapit,
1187 2350 1301 2448 aegri,
1324 2349 1433 2422 etiam

320 2467 404 2566 ¹post
427 2462 561 2552 obititm
585 2491 690 2567 grave
714 2465 919 2540 cruditionis
944 2465 1102 2539 medicae
1126 2465 1323 2566 largiuntur
1339 2465 1434 2569 obje-

321 2588 443 2658 ctum.¹
466 2584 585 2678 Quare
622 2583 784 2659 omnium
808 2585 847 2656 in
868 2582 995 2657 clinico
1020 2585 1187 2660 Instituto
1222 2583 1432 2658 donatorum

321 2697 493 2778 cadavera
522 2701 665 2776 rimanti
699 2699 935 2803 subjiciuntur
969 2698 1093 2774 cultro.
1125 2702 1222 2774 Haec
1253 2701 1431 2802 extispicia

287 2833 291 2844 '
322 2841 443 2892 coram
472 2817 658 2921 tyronibus
700 2844 784 2892 cum
825 2817 1009 2896 sedulitate
1047 2818 1204 2920 possibili
1246 2820 1433 2916 instituta,

321 2943 406 3012 mori
429 2941 705 3040 conjecturatam
728 2937 816 3012 lethi
841 2963 983 3012 causam
999 2937 1037 3010 in
1054 2939 1213 3038 apricum
1229 2937 1434 3039 proferunt,

321 3055 619 3158 praemissam'que
643 3054 828 3156 diagnosin
851 3055 1029 3134 vindicare
1061 3069 1097 3130 ct
1126 3055 1353 3131 corroborare
1378 3061 1434 3158 ju·

323 3186 431 3273 vant3
453 3199 538 3251 mox
560 3175 730 3254 vitiorum
755 3174 1053 3250 clandestinorum
1082 3174 1240 3250 indicant
1269 3201 1433 3276 praescn-

326 3291 435 3392 uam,
458 3321 549 3396 quae
573 3297 646 3370 vita
671 3294 819 3370 durante
844 3294 980 3372 nullam
1004 3296 1057 3368 sui
1083 3297 1318 3396 suspicionem
1342 3299 1433 3372 exci-

326 3420 470 3526 taruntp
492 3434 576 3486 mox
600 3413 708 3486 etiam
730 3412 821 3485 nihil
845 3439 988 3515 prorsus
1016 3412 1175 3486 sensibus
1199 3413 1347 3489 obvium
1370 3441 1433 3516 pa·

326 3525 513 3627 tesaciunt,
526 3551 662 3630 nosque
673 3544 787 3606 certos
804 3530 974 3627 reddunt,
991 3529 1104 3604 solam
1116 3531 1246 3606 virium
1262 3537 1434 3632 jacturam

326 3637 541 3720 invisibilem
554 3669 629 3720 non
645 3648 784 3743 minus,
807 3673 916 3748 quam
932 3649 1138 3748 conspicuas
1155 3649 1343 3748 organismi
1358 3674 1436 3722 mu·

325 3761 476 3836 tationes
500 3761 594 3837 vitae
618 3761 794 3838 tollendae
819 3787 920 3866 pares
948 3777 1032 3837 csso.

323 3911 325 3918 ·
376 3875 554 3954 Anatomc
565 3877 813 3982 patlwtogica,
837 3884 996 3958 omnium
1013 3883 1129 3984 pn'mo
1158 3884 1437 3980 ausimano,

327 3993 521 4097 Hormo,
551 4011 588 4073 et
620 3999 823 4077 Moaoacuo
857 4001 984 4103 insigni
1019 4001 1157 4080 fervore
1187 4002 1305 4100 culta,
1328 4031 1437 4105 quam

327 4120 466 4196 serioris
492 4135 528 4196 et
543 4121 704 4198 hodierni
721 4127 799 4200 aevi
816 4123 1018 4225 extispices,
1042 4127 1248 4223 Lmursun,
1271 4125 1437 4220 Pcnrm,

327 4235 472 4339 unns,
494 4239 679 4342 Veterani,
703 4243 824 4338 Orno,
841 4253 878 4319 et
895 4243 1041 4315 Macran
1058 4243 1254 4318 eminenter
1278 4241 1437 4346 locuple·

330 4372 472 4456 tarunt,
495 4387 673 4436 summum
697 4361 892 4437 medicinae
917 4365 1090 4463 practicae
1126 4365 1342 4465 praesidium
1366 4365 1437 4438 dici

331 4493 494 4556 meretur.
527 4479 608 4558 Non
642 4481 749 4560 modo
787 4483 942 4559 officium
977 4483 1181 4585 diagnoscos
1217 4489 1255 4558 'ur
1298 4485 1436 4558 casibus
