3158 6116
1257 279 1328 356 305

169 395 357 476 occulte
386 397 585 494 delitescit,
618 394 790 472 diutbeses
826 397 1104 488 crememus,
1129 395 1217 477 duur
1247 423 1333 480 sero

82 505 84 526 '
171 518 410 609 manifestis
434 517 548 592 laesae
572 517 694 593 salutis
719 519 826 619 signis
851 519 889 591 irr
906 519 1066 621 apricum
1082 519 1333 619 proferuntur,

80 704 81 710 ,
181 635 357 712 morbos
380 639 628 713 clinmcterioos
650 637 913 740 compellamus.
946 639 1022 714 llos
1046 640 1138 712 inter
1166 637 1334 720 rhoetum

80 827 81 830 ,
179 758 323 832 aetati
347 755 521 854 infantili,
544 756 788 858 praedomirrio
813 757 979 858 glutinis,
1002 799 1053 818 ·-
1068 757 1226 859 sorosuta
1249 783 1335 859 pue.

181 877 339 971 ritiae,
362 876 585 975 exsuperanti
615 873 808 974 albumini,
830 917 881 933 --
900 872 1083 977 phlogosr's
1107 881 1272 978 juventas
1296 890 1334 954 ct

184 993 396 1090 virilitati,
424 993 626 1095 perfectiori
662 993 857 1070 evolutioni
891 995 1038 1068 fibrinas
1069 994 1333 1096 eomespondet.

188 1114 313 1186 Inest
338 1117 409 1214 jam
439 1113 478 1186 in
512 1113 704 1186 tenerrimo
734 1111 869 1186 inllrnte
900 1109 1073 1186 idoneitas
1103 1110 1244 1188 altiores
1273 1109 1333 1184 cli.

187 1243 412 1304 mactsrum
441 1229 568 1330 plrases
599 1245 635 1306 et
668 1228 908 1306 absolutiones
943 1230 1148 1327 subeundi,
1182 1229 1332 1333 proinde

190 1348 324 1420 etiarn
348 1346 652 1449 metamorphoses
677 1347 861 1424 morbosus
885 1349 936 1424 eis
953 1349 1072 1450 privas
1089 1347 1332 1425 contrahendi.
1419 1412 1427 1424 .

82 1489 93 1548 r
193 1466 239 1537 Si
269 1469 362 1542 v'cro
385 1491 570 1567 processus
596 1465 808 1542 evolationis
832 1466 1016 1566 organicae
1032 1465 1148 1542 altiori
1165 1465 1203 1540 in
1219 1463 1331 1566 gradu

82 1593 90 1666 ἰ
196 1585 428 1658 constitutus
454 1597 527 1680 est,
551 1585 687 1684 regredi
712 1599 749 1660 et
772 1583 820 1659 ad
843 1581 1160 1673 inferioresrelrrbi
1180 1581 1332 1684 amplius

84 1715 92 1786 t
196 1701 348 1802 nequit.
383 1701 476 1774 Hinc
504 1701 656 1776 inbutos
693 1701 909 1798 scrolsrlsm,
950 1713 1080 1801 eosque
1117 1701 1249 1800 pariter
1286 1723 1331 1772 au

82 1855 93 1910 1
198 1845 344 1922 pueros
369 1820 664 1900 inflammationes
689 1822 808 1898 subire
833 1821 977 1926 quidem
1001 1820 1160 1919 ridebis,
1183 1807 1240 1894 ast
1252 1820 1332 1892 rba,

86 1977 108 2025 ι.
200 1939 439 2014 chitidemin
455 1937 851 2040 pueris,scrollrlrrmin
869 1939 997 2014 adultis
1014 1951 1130 2014 ostam
1144 1933 1330 2038 nunquam

84 2034 93 2148 l
201 2055 444 2154 observabis,
469 2058 535 2131 nisi
562 2083 727 2157 germen,
751 2062 821 2158 jam
847 2059 886 2131 in
910 2054 1087 2130 aetatibus
1115 2053 1329 2157 praeceden-

81 2187 91 2270 t
202 2173 307 2246 tibus
333 2176 508 2275 positum,
532 2173 653 2250 dolose
678 2173 877 2271 delituerit,
900 2172 969 2256 suh
990 2199 1164 2250 conoursu
1181 2173 1330 2246 circum*

82 2327 93 2378 t
203 2291 422 2372 stantiauum
448 2289 641 2364 faventium
668 2289 803 2374 tardius
827 2288 1021 2371 evolutum.

83 2453 92 2536 ,
257 2404 382 2481 Posito
407 2407 533 2505 igitur,
558 2405 748 2482 scrofulam
773 2407 928 2481 universi
945 2429 1128 2507 processus
1145 2405 1328 2505 orgttnico·

80 2576 90 2631 ,
207 2521 390 2598 formativi
407 2523 573 2598 morbum
585 2551 681 2619 esse,
704 2527 743 2598 in
759 2525 975 2626 penitissima
993 2525 1087 2598 vitae
1111 2525 1330 2623 vegetativas

82 2679 89 2752 =,
206 2639 351 2724 officina
375 2639 593 2737 radicatum,
617 2665 723 2720 nemo
747 2639 934 2726 mirabitur
960 2639 1113 2714 llrnestas
1145 2639 1332 2740 sequelss,

81 2811 89 2870 ,
208 2783 299 2858 quas
324 2755 440 2830 moliri
465 2759 684 2854 consuescit,
708 2756 869 2832 altiorem
886 2757 1035 2858 gradum
1047 2757 1224 2858 nequitiae
1248 2757 1328 2832 ade-

83 2931 90 2992 ,
208 2887 283 2976 pta.
296 2875 387 2950 Sunt
398 2887 517 2952 autem
535 2875 893 2978 metamorphosium,
910 2899 1000 2975 quas
1012 2873 1192 2976 producit,
1207 2873 1330 2977 plures

82 3030 90 3110 g
211 2993 367 3093 species,
391 3017 522 3096 eaeque
548 2993 801 3095 utplurimum
826 2992 1228 3102 organico-materiales,
1243 3019 1327 3068 curn

81 3151 87 3230 ᾗ
210 3111 384 3211 vegetatio
408 3137 493 3214 prae
517 3113 723 3195 incitatione
747 3112 892 3188 laboret.
917 3111 1037 3186 Foeda
1068 3109 1129 3184 illa
1153 3109 1327 3209 belcosis,

82 3269 88 3346 Ι
212 3253 302 3328 quae
339 3243 500 3334 nostrum
536 3255 688 3332 puerum
725 3231 946 3331 deturpavit,
985 3228 1038 3302 nil
1071 3229 1140 3304 nisi
1177 3227 1326 3312 effectus

80 3401 87 3494 Ι
144 3341 146 3345 ’
212 3347 368 3446 ejusdem
393 3347 657 3450 oacoplasmatis
682 3348 864 3424 scrofulosi
890 3347 965 3424 llrit.
991 3346 1205 3432 Redundans
1230 3345 1327 3450 lyme

81 3531 86 3584 Ι
213 3462 305 3565 pha,
328 3466 479 3567 propriis
504 3465 612 3540 alveis
637 3467 779 3542 retineri
801 3467 942 3563 nescis,
966 3463 1072 3540 simili
1098 3489 1190 3566 pene
1216 3467 1323 3540 ratio-

81 3643 86 3702 ,
214 3607 257 3654 ne
290 3607 354 3682 per
379 3597 498 3656 cutem
523 3582 739 3682 exundabat,
763 3585 881 3685 prouti
906 3583 1041 3683 gummi
1066 3607 1110 3656 ex
1139 3579 1325 3665 arboribus

79 3742 85 3830 Ι·
214 3699 305 3774 succi
330 3697 442 3800 plenis
468 3699 625 3774 stillatim
649 3727 858 3803 promanarc
879 3699 988 3796 solet,
1012 3700 1051 3772 in
1067 3698 1197 3774 cortice
1214 3711 1326 3772 exter·

80 3887 84 3942 Ι
216 3844 261 3892 rro
291 3818 401 3892 varias
431 3817 661 3920 producendo
692 3819 949 3923 turpitudines,
980 3803 1125 3914 tubera,
1149 3819 1322 3894 incrusta-

80 4002 84 4058 Ι
217 3937 344 4032 tiones,
368 3951 434 4011 etc.
452 3939 611 4014 Laticem
628 3965 648 4013 e
663 3940 821 4014 eutarreis
839 3937 949 4040 plagis
966 3935 1188 4012 secedentem
1205 3937 1325 4037 potius

81 4129 82 4170 ,
217 4053 393 4157 lympham
412 4055 646 4157 glutinosum,
671 4085 778 4160 quam
795 4057 1023 4162 purulentum
1040 4069 1102 4134 aut
1123 4051 1323 4138 iohorosam

80 4241 83 4288 ,
218 4178 390 4285 materiam
416 4177 543 4274 luisse,
568 4179 772 4278 collegimus
797 4205 839 4252 ex
866 4184 941 4278 ejus
967 4175 1083 4251 colore
1112 4175 1323 4248 stramineos.

81 4363 82 4412 ,
218 4289 323 4388 ssavo,
347 4319 389 4366 err
415 4297 485 4369 cito
511 4295 639 4370 coalitu
667 4298 704 4370 iu
736 4309 871 4370 crustas
900 4296 1026 4368 densas
1051 4307 1087 4366 et
1112 4305 1319 4386 remees,e

82 4479 83 4512 ,
220 4409 360 4507 blanda,
384 4415 515 4489 viscida
542 4431 577 4490 ct
602 4417 748 4493 inodora
774 4415 951 4521 qualitate.
978 4413 1188 4510 Generalem
1212 4411 1319 4496 cotta

264 4529 444 4608 Humum.
470 4533 568 4611 Arra.
597 4536 689 4610 criu:
713 4535 746 4610 I.
1073 4558 1120 4609 20
