3158 6116
751 283 755 292 ·
1328 261 1373 334 23

133 417 135 424 ,
240 367 345 443 Post
373 369 519 446 nubila
546 364 731 450 Phoebus!
757 371 811 444 Ab
836 370 959 444 eadem
985 373 1080 446 enirn
1106 374 1192 448 coeli
1213 286 1402 450 inueneri-

155 505 160 518 ·
242 483 327 580 tia,
355 511 466 587 quae
497 488 610 590 elapsi
635 490 765 562 mensis
787 503 927 588 partem
950 490 1124 589 potiorem
1156 483 1402 602 cortanseris,

241 605 372 681 etiam
401 609 474 684 hio
493 611 627 686 mensis
644 611 742 684 initia
768 609 913 706 sumsit,
937 623 1059 685 exacto
1076 624 1195 686 tamen
1212 613 1401 712 quatriduo

133 771 135 786 .
244 735 290 794 et
318 724 482 824 nubes,
520 743 557 806 et
581 727 739 828 pluuias,
764 741 800 800 et
828 725 1027 828 squalorem
1052 753 1193 806 omnem
1220 729 1317 804 velut
1342 758 1401 805 ex·

244 844 408 944 templo
452 833 683 950 dispulerunt
713 845 898 920 Subsolsni
933 845 1046 928 ssatus.
1082 849 1255 926 serenitas
1292 849 1401 929 modo

128 1013 131 1024 .
243 969 502 1057 pet-amoena
538 979 576 1048 et
610 965 798 1060 oontinua,
832 964 929 1040 venti
954 965 1046 1060 rari,
1073 974 1203 1040 tenues.
1228 968 1259 1040 A
1284 967 1341 1049 die
1366 991 1401 1066 9.

253 1089 398 1151 aestus
428 1069 769 1182 primoomnium
787 1107 843 1154 ao.
861 1096 897 1160 et
916 1081 972 1163 25.
988 1097 1107 1164 eutem
1118 1081 1403 1182 molestissimus,

127 1159 145 1264 i
249 1189 307 1266 ob
338 1192 538 1298 &vetegitur
563 1213 916 1300 contemporaneum,
940 1201 988 1276 ita
1012 1215 1055 1306 ut
1079 1227 1194 1301 neque
1220 1203 1402 1284 nocturnis

126 1279 135 1384 i
252 1308 369 1386 horis
401 1341 497 1396 aura
522 1317 697 1419 quaedam
722 1315 882 1416 frigidula
909 1316 1121 1398 carebariam
1144 1333 1180 1392 et
1196 1319 1402 1422 languorem

254 1428 476 1532 mitigaret.
500 1435 676 1536 'fonitrua
701 1453 802 1532 rara,
828 1425 1106 1513 multae'contra
1130 1433 1242 1508 nubes
1267 1437 1402 1536 procel,

255 1541 369 1626 losae
410 1549 639 1636 horizontem
680 1550 939 1644 eiroumibant',
980 1553 1066 1652 quin
1103 1551 1400 1652 exploderentur,

258 1687 388 1764 quare
428 1671 471 1745 in
504 1666 757 1774 humilioribus
784 1669 1047 1770 atmosphaerue
1082 1672 1197 1744 stratis
1231 1689 1401 1772 persaepe

260 1787 450 1882 negativa
466 1787 662 1888 praevaluit
678 1785 913 1860 electricitntis
931 1788 1059 1882 tensio,
1069 1789 1126 1872 cui
1139 1788 1398 1868 effeminantern

264 1899 384 1980 illum
411 1907 599 1982 tribuimus
624 1920 777 2002 aestum,
802 1932 822 1978 e
846 1905 920 1990 sola
948 1909 1114 2006 temperis
1142 1910 1197 2002 24.
1223 1909 1399 2006 graduum

266 2019 390 2112 (licet
416 2030 568 2112 matrima
594 2029 699 2126 fuerit
722 2023 831 2102 totius
856 2027 938 2100 anni
964 2029 1091 2119 statio)
1115 2031 1173 2100 rix
1199 2029 1401 2129 oorrcipieu-

266 2137 381 2224 dum.
401 2148 616 2248 Prosperant
631 2159 729 2242 sata,
755 2145 865 2240 vites,
890 2159 926 2216 et
942 2145 1152 2244 bombyces,
1169 2160 1398 2247 recreantque

267 2263 408 2338 anrrios
434 2263 682 2365 agricultores,
706 2265 767 2365 qui
792 2263 838 2344 ab
863 2263 1007 2336 adversa
1034 2264 1141 2365 elapsi
1158 2268 1288 2344 mensis
1307 2281 1396 2340 tern-

271 2393 425 2476 pe'stato
449 2385 565 2484 gravia
590 2409 663 2456 non
688 2383 764 2456 sino
788 2381 923 2456 ratione
948 2381 1241 2488 pertimesoebant
1258 2383 1396 2464 «lamara.

689 2639 795 2688 Hom
820 2639 1006 2692 estnentct.

334 2857 454 2946 Quam
479 2867 595 2926 erotus
620 2851 666 2926 sit
691 2873 800 2924 nexus
825 2851 919 2922 inter
943 2849 1160 2924 evolutiones
1178 2851 1397 2950 atnrosglrae·

280 2971 397 3068 rioas,
421 2973 504 3046 amri
529 2985 730 3071 temporum
754 2969 903 3044 circuitu
928 2967 1196 3064 determinatas,
1222 2984 1258 3042 et
1282 2969 1398 3068 apide·

280 3091 439 3164 mierum
463 3087 777 3166 anniversariamm
803 3087 1062 3182 successiones,
1096 3111 1215 3158 rursus
1251 3085 1398 3162 eviden-

283 3205 423 3280 tissimo
441 3203 602 3306 exemplo
619 3203 840 3304 exploratum
856 3201 1053 3282 habuimus.
1064 3203 1214 3276 Tardior
1226 3207 1400 3304 ingressus

282 3325 362 3398 veri
398 3321 535 3418 effecit,
569 3321 667 3424 quod
703 3320 909 3396 constitutio
946 3319 1105 3419 hyberna
1140 3321 1227 3393 citra
1262 3347 1399 3394 morem

281 3439 576 3539 protrahebatur,
602 3437 749 3512 vernulis
774 3463 859 3512 vero
882 3435 1050 3538 epidauria
1078 3435 1218 3510 occulto
1243 3436 1400 3536 irrepens

283 3559 414 3654 modo,
439 3583 480 3630 ao
505 3557 550 3630 de
573 3558 712 3656 ingenio
729 3556 969 3657 praecedentis
986 3579 1125 3654 semper
1141 3553 1221 3656 plus
1239 3557 1399 3636 nurrusve

283 3677 520 3778 participans,
554 3701 660 3752 suurn
698 3672 935 3748 characterom
973 3671 1112 3750 nonnisi
1149 3679 1271 3744 mense
1301 3673 1397 3772 Maio

282 3793 506 3868 musitanam
532 3806 703 3896 potuerat.
729 3793 793 3864 Ast
818 3791 877 3870 vix
902 3789 1024 3866 oborta
1051 3788 1168 3864 locum
1195 3789 1318 3870 cedere
1336 3789 1399 3862 de-

284 3911 363 3986 buit
386 3909 615 4010 subsequenti
640 3909 812 4008 aestiuae,
843 3909 881 3980 in
906 3909 1054 4006 gratiam
1081 3907 1226 3982 fervoris
1252 3935 1399 4009 praeco.-

284 4029 355 4122 cis,
378 4030 439 4130 qui
466 4041 605 4104 tautum
629 4027 752 4126 adtigit
776 4025 846 4108 lroe
870 4051 991 4102 mense
1016 4024 1163 4124 gradum
1182 4079 1191 4116 ,
1208 4011 1262 4097 ¹ut
1286 4029 1399 4127 majo·

284 4171 360 4218 rem
383 4147 459 4246 ipsa
486 4145 603 4220 furens
628 4141 786 4218 oanioulu
813 4167 886 4218 non
917 4143 1147 4216 extricaverit.
1180 4143 1258 4233 Qus
1291 4140 1336 4212 de
1363 4163 1400 4214 re

282 4261 430 4362 quilibet
456 4263 573 4339 mirari
598 4263 733 4340 desinet
749 4265 1036 4350 constitutionem
1051 4259 1276 4363 epidemicnm
1300 4261 1401 4333 aesti-

285 4405 361 4452 rum
371 4433 386 4471 ,
411 4379 511 4480 qnasi
538 4405 658 4458 metue
684 4381 787 4458 citius
812 4377 1002 4455 evolutam.
1044 4479 1046 4486 Ι
