3264 5194
1281 375 1356 452 ‘163

68 559 84 575 ‚
249 483 395 558 notabili
419 485 609 561 barometri
633 477 837 562 elevatione.
851 487 905 562 vln
919 489 1143 590 Apenninis,
1158 503 1195 566 et
1211 491 1357 594 Alpibus

248 603 454 704 Cispadanis
479 631 612 704 paucae
636 607 756 702 nives,
779 605 862 680 inde
887 605 967 706 gelu
992 609 1195 706 modicum,
1218 611 1357 686 mitius-

247 747 319 820 que
349 735 537 796 ventorum
571 723 769 824 imperium.
803 723 1001 826 Appetsnte
1033 725 1091 802 dic
1120 753 1176 800 aa.
1209 727 1357 828 hispidis

248 831 391 912 coelum
413 838 566 914 nubibus
591 842 789 942 comugari,
804 841 981 944 frigusque
1005 845 1187 922 mitescere
1203 849 1357 947 ,occepit

248 955 358 1028 Venti
398 954 606 1058 plemmque
647 955 693 1031 ab
727 957 865 1034 Occasu
899 959 1107 1060 spirabant,
1144 961 1356 1065 quandoque

248 1071 435 1149 confestim
458 1074 504 1155 acl
528 1077 727 1179 oppositam
751 1077 840 1153 coeli
863 1075 1004 1180 plegem
1027 1076 1162 1159 deflexi

645 1321 761 1372 nom
777 1322 963 1376 tttttnnuct.
1113 1365 1115 1374 s

299 1531 408 1621 Quae
435 1534 506 1629 iam
536 1555 657 1610 mense
691 1545 869 1626 mamaeae
901 1523 1074 1633 insignem
1108 1533 1358 1620 vehementiae

248 1645 396 1745 gradum
431 1647 580 1748 adtigit,
613 1654 818 1724 ccrntr'tutio
843 1648 1148 1752 phlegisticotem,
1171 1677 1218 1726 ne
1242 1653 1357 1732 lrilum

249 1765 394 1865 quidem
426 1765 606 1862 decrevit,
639 1767 865 1868 particulares
903 1795 988 1846 vero
1024 1769 1194 1872 quasdam
1227 1770 1356 1846 obtulit

157 1957 160 1961 .
249 1882 535 1958 modificationes.
572 1884 805 1961 Pulmonibus
839 1913 922 1962 eum
958 1889 997 1962 in
1036 1888 1184 1964 medum
1217 1889 1353 1964 insensa

248 2017 325 2076 erat
361 2003 625 2106 atmospbaera,
658 2019 700 2079 ut
729 2031 803 2081 non
826 2005 943 2081 selum
973 2008 1250 2109 quamplurimas
1274 2035 1359 2110 pro·

248 2125 404 2221 gigneret
422 2123 705 2224 pneumonitides
724 2124 977 2228 iciopatbices,
1000 2127 1187 2202 sedetiam
1201 2123 1363 2200 wunsa-

249 2244 355 2314 ticam
389 2238 527 2338 labem,
562 2241 638 2316 boc·
668 2268 790 2318 mense
823 2245 863 2318 in
899 2243 1080 2320 musculos
1115 2259 1153 2320 et
1189 2243 1357 2320 articulos

247 2359 373 2434 crebro
396 2359 673 2462 desaevientem,
696 2388 816 2437 versus
841 2363 1008 2464 spiritalia
1033 2353 1202 2438 adlie'eret
1216 2387 1357 2464 organa

297 2483 341 2555 In
364 2481 503 2558 duobus
527 2483 638 2584 aegris
663 2483 902 2558 dolentissima
930 2482 1111 2559 wtbritide
1144 2482 1359 2559 dwmtica
1402 2473 1408 2480 ’

248 2599 416 2697 adfectis,
453 2606 525 2702 jam
558 2601 597 2674 in
633 2601 777 2678 exordio
805 2601 922 2678 morbi
957 2629 1098 2678 summa
1122 2577 1267 2678 emicuit
1290 2604 1361 2703 spi-

248 2718 350 2791 randi
375 2717 583 2814 difficultas,
606 2717 653 2792 ad
676 2720 785 2794 tlnem
800 2745 913 2820 nsque
928 2719 1106 2793 duratura.
1124 2719 1358 2794 Tormentum

248 2838 411 2910 omnium
435 2837 507 2911 sere
538 2842 809 2938 juncturarum,
838 2840 1179 2934 contrectationem,
1213 2839 1279 2911 etsi
1308 2835 1358 2910 le-

249 2953 449 3052 vissimam,
472 2979 493 3026 a
518 2953 644 3053 procul
680 2953 940 3050 reformidans,
974 2968 1184 3054 motumque
1213 2965 1355 3026 artuum

247 3095 391 3171 prorsus
414 3071 631 3172 impediens,
653 3071 800 3147 sudores
824 3073 982 3151 continui
1007 3086 1044 3147 et
1073 3097 1148 3146 non
1177 3069 1358 3166 levantes,

249 3187 370 3262 urinae
393 3187 563 3264 lateritiae
587 3203 624 3264 et
647 3189 923 3286 sedimentosae,
947 3190 1035 3292 quin
1051 3189 1181 3262 crisces
1197 3201 1357 3286 tempus,

247 3303 305 3378 vel
328 3306 426 3404 signa
461 3307 657 3405 instarent,
692 3331 815 3382 sensus
850 3307 1088 3408 oppressionis
1120 3319 1158 3380 et
1187 3301 1357 3406 ponderis

246 3436 367 3498 sterno
389 3421 649 3522 incumbentis,
672 3421 830 3498 absentia
854 3425 984 3514 tussis,
1017 3449 1084 3497 nee
1099 3455 1102 3463 ¹
1118 3445 1192 3495 uon
1215 3417 1355 3495 dolores

247 3541 374 3616 tensivi
397 3567 461 3642 per
483 3539 562 3616 locs
585 3541 821 3616 intemostalia
844 3541 916 3620 buc
940 3540 1025 3620 illuc
1055 3551 1222 3639 vagantes
1234 3591 1245 3634 ,
1268 3539 1355 3610 rcci-

245 3685 353 3761 pmca
376 3661 470 3734 inter
492 3661 712 3764 dyspnoeam
743 3675 780 3736 et
808 3661 985 3736 cruciatus
1013 3655 1217 3732 articulares
1246 3653 1354 3730 alter«

244 3780 363 3874 natio,
395 3781 446 3853 ita
479 3794 521 3853 ut
544 3779 600 3854 bis
624 3777 945 3857 increbescentibus
974 3777 1035 3852 illa
1059 3777 1279 3872 mitesceret,
1301 3817 1353 3836 --

243 3898 451 3973 sufficientia
475 3898 578 3974 nobis
601 3899 836 3997 videbantur,
869 3925 890 3974 e
919 3897 1049 4000 quibes
1072 3895 1119 3972 ad
1138 3901 1351 3999 prrseaumonr'd

243 4015 348 4088 bilem
371 4013 621 4091 Ηιειωιαιὶωηι
644 4012 880 4112 concludere,
901 4039 1013 4117 esque
1036 4015 1150 4115 posita
1175 4011 1352 4096 velamen·

243 4146 322 4207 tum
345 4132 523 4235 pulmonis
546 4135 750 4232 internum,
772 4135 847 4210 sive
870 4155 1030 4208 aerosum
1052 4157 1120 4233 pro
1143 4129 1352 4232 pblogoseos

241 4253 412 4327 eminenti
436 4252 613 4328 substrato
636 4251 813 4328 declarare
838 4251 969 4326 liceret
996 4247 1211 4326 Nobilissimi
1228 4251 1351 4349 organi

242 4370 358 4470 passio
382 4371 519 4470 gravis,
551 4384 588 4444 et
624 4369 729 4444 labris
760 4367 1020 4470 angiostbenica
1057 4391 1175 4442 comes
1188 4379 1351 4468 utroque

121 4483 124 4489 ’
240 4488 281 4562 in
304 4511 388 4564 casu
413 4489 577 4592 repetitas
601 4487 763 4592 poposcit
786 4483 1067 4594 phlebotomiae,
1096 4483 1224 4588 quibus
1253 4483 1348 4581 erebi
