3148 5170
309 261 380 354 240

305 405 378 478 quo
403 377 542 454 uberior
567 379 650 482 indo
666 407 729 480 por
745 365 965 481 superiniem
987 379 1242 482 peripbetioam
1258 379 1479 486 corpori&

306 493 525 570 diversorum
551 495 805 572 elomentorum
830 525 984 572 secessus
1016 500 1206 599 contingit3
1235 524 1279 572 eo
1305 503 1463 600 major

305 639 466 718 quoquo,
500 615 561 690 ubi
598 615 658 688 illo
692 616 881 714 derepente
906 615 1111 712 cohibetur,
1140 616 1252 689 laticis
1277 615 1457 713 analogi

305 735 405 834 eopia
431 735 681 824 seoretionibns
710 737 804 808 tices
835 735 1018 834 agentibus
1050 735 1243 832 educatur,
1273 759 1454 808 neeesse
1545 819 1551 832 ὁ

303 863 366 924 eat.
391 849 427 920 Si
452 851 572 958 itaque
596 865 756 952 temporo
780 851 933 947 vernali,
958 853 1076 951 ponito
1100 878 1449 952 suppresseeper-

302 968 500 1066 splmtionia
539 993 645 1062 casu,
679 968 754 1044 sola
791 971 916 1070 pituita
953 971 1146 1066 everritur,
1170 971 1207 1042 iu
1233 983 1447 1042 oreseento

303 1099 400 1158 aestu
426 1091 497 1185 jam
522 1101 559 1160 et
582 1085 643 1158 ille
665 1087 914 1160 intestinorum
938 1087 1066 1163 humor
1096 1113 1234 1160 aurosus
1260 1086 1441 1168 ubertim

302 1217 498 1302 reparatur,
513 1205 574 1304 qui
591 1231 673 1277 cum
686 1203 813 1282 sudore
827 1206 1016 1283 maximam
1029 1205 1273 1304 cognationem
1286 1203 1439 1298 labet,

302 1319 453 1422 ideoque
477 1321 581 1422 hujus
607 1320 784 1400 delbctum
810 1323 943 1420 optime
967 1319 1116 1422 supplet
1153 1321 1434 1420 Perpendemlo

300 1439 488 1514 diaorimeu
523 1439 705 1513 ousetrtiale
743 1442 835 1514 inter
871 1441 1036 1540 pituitam
1076 1437 1344 1536 intestinalem,
1385 1455 1431 1513 ot

301 1551 490 1633 humorem
513 1559 861 1658 gastro-enterioum‚
886 1557 1014 1631 indolis
1039 1560 1157 1658 ponus
1181 1583 1340 1654 serosae3
1367 1601 1427 1614 —

300 1676 555 1752 considerando
580 1677 727 1758 modum
752 1677 993 1770 differentem,
1019 1661 1091 1776 quo
1111 1691 1263 1780 'uterque
1288 1701 1310 1746 e
1334 1694 1423 1748 san-

297 1795 405 1892 guine
439 1810 687 1895 praeparatur,
718 1797 814 1897 prior
849 1797 945 1872 enim
974 1810 1028 1869 eut
1055 1793 1270 1896 productum
1293 1814 1418 1866 seete-

303 1913 406 1984 tionis
424 1912 660 1987 lollioulorum
676 1915 958 2015 muoiparorum,
975 1911 1063 1986 alter
1077 1913 1291 2013 productum
1308 1908 1423 1984 eaba.

300 2029 440 2104 lationis
474 2033 676 2106 osculorum
711 2034 951 2134 capillarium3
984 2047 1111 2134 sponte
1145 2031 1257 2131 liquet
1281 2030 1420 2132 duplo:

302 2147 413 2222 veluti
438 2151 665 2260 membranae
689 2151 832 2225 villosae
859 2152 934 2224 tubi
963 2151 1175 2226 alimentaria
1211 2149 1418 2245 claruerat,

300 2267 349 2340 ita
376 2279 415 2340 ut
439 2267 547 2367 priori
572 2269 702 2340 intuitu
728 2271 884 2341 tunicum
910 2295 1112 2366 mucosum,
1146 2268 1331 2370 posteriori
1355 2293 1415 2340 se-

288 2413 416 2465 ‘rosam
441 2401 647 2487 praesentet.
673 2388 754 2480 Qua
771 2387 816 2460 de
833 2414 871 2459 re
897 2387 1001 2462 sebris
1027 2388 1326 2488 gostm-pituitosa
1343 2412 1414 2461 eeu

301 2505 450 2604 simplex
486 2505 666 2578 eatarrlrus
702 2505 936 2600 intestinalis‚
978 2505 1083 2578 sebn'r
1120 2504 1413 2604 gastroenteriee

300 2647 383 2694 oum
408 2623 552 2696 saburra
577 2647 693 2700 serosa
718 2622 907 2718 bilisormi,
932 2649 974 2694 ex
999 2623 1148 2696 adverso
1172 2623 1225 2694 uti
1252 2620 1414 2695 adfectus

299 2739 756 2816 oatarrlroso-rlronmutious
779 2742 1026 2815 intestinorum
1043 2740 1256 2820 considerari
1271 2741 1413 2840 poterit

300 2859 380 2959 lpsa
416 2862 506 2934 eutis
536 2861 712 2955 conditio,
746 2888 836 2962 quae
870 2863 908 2934 in
940 2863 1055 2960 primo
1090 2888 1172 2934 cusu
1202 2861 1413 2962 plerumque

298 2980 410 3073 uota,
444 2980 481 3051 in
517 2980 672 3052 seeundo
710 2977 757 3054 tid
790 2980 934 3054 sudores
970 3006 1081 3080 prona
1107 2980 1289 3074 oonritur,
1312 2977 1412 3054 baud

297 3095 557 3172 indifferentem
574 3101 818 3197 cognationem
835 3100 960 3200 prioris
977 3123 1060 3171 eum
1078 3097 1174 3170 llabre
1191 3096 1412 3191 caturrhosn,

298 3217 499 3316 posterioris
517 3244 598 3291 cum
616 3219 720 3292 lebre
737 3219 954 3292 rheumatica
983 3217 1158 3318 p'atelbeit.

299 3377 302 3386 ·
347 3331 601 3431 lndieutiones‚
626 3363 712 3437 quas
729 3339 767 3411 in
783 3336 939 3410 lbbribus
957 3334 1251 3434 gaeomantencis
1268 3331 1411 3436 explen-

297 3449 363 3524 das
385 3449 487 3524 nobis
511 3455 762 3552 proponimus,
786 3453 918 3554 jubent
964 3479 990 3526 t.
1017 3453 1069 3524 Ut
1099 3449 1209 3525 lomes
1243 3450 1410 3528 morbose

211 3633 215 3646 ,
296 3583 470 3664 secretus,
495 3585 532 3643 ot
555 3573 592 3644 in
618 3571 732 3645 fistula
759 3571 955 3648 alimentan'
972 3568 1193 3666 redundans,
1217 3569 1300 3644 lieet
1321 3595 1410 3644 non-

297 3687 364 3761 nisi
389 3687 534 3761 enectus
559 3689 674 3765 morbi
698 3691 763 3784 sit,
788 3690 997 3768 eliminetur.
1037 3715 1069 3765 2.
1094 3689 1147 3761 Ut
1171 3687 1330 3764 conditio
1345 3713 1410 3790 pa*

293 3803 471 3904 tlrolugioa
500 3807 636 3880 tunicae
662 3832 827 3881 mneooae
856 3809 1051 3908 primarum
1086 3809 1225 3879 viar-um
1255 3807 1411 3906 oorriga-

293 3937 363 3996 'tun
382 3923 414 3998 3.
431 3925 482 3998 Ut
498 3923 676 4000 sublatum
692 3925 940 4027 aequilibrium
956 3928 1048 3999 inter
1072 3923 1226 4025 singulas
1242 3925 1411 4025 sphaeras

294 4045 557 4120 membranosus
592 4048 804 4120 restituatur.
842 4047 874 4142 4.
916 4047 968 4120 Ut
1009 4046 1137 4122 vinum
1175 4043 1408 4118 exorbitantia

296 4165 496 4260 moderata,
512 4191 577 4266 pro
594 4167 722 4239 criticis
739 4165 1000 4266 operationibus
1017 4163 1175 4239 absolute
1194 4165 1410 4261 neeessaria,

296 4295 541 4380 conservetur,
566 4281 622 4357 vel
647 4284 676 4358 si
701 4283 873 4381 defuerit,
899 4285 987 4384 aptis
1011 4281 1191 4383 praesidiis
1209 4281 1407 4356 inducatur.
