3252 5166
332 357 404 406 aso

329 477 493 554 cmmpus
520 451 557 526 in
583 452 750 528 mtuculis
776 453 1023 550 brachiorum,
1047 451 1232 528 subsultim
1257 449 1447 551 corporis}

329 570 451 670 quales
469 569 513 642 ab
530 571 602 644 ictu
629 571 793 646 electrico
817 587 1029 668 irascuntur,
1053 572 1182 672 spasmi
1200 567 1342 664 clonici,
1360 567 1452 668 dys-

331 691 472 790 pepsia,
502 706 623 764 ructus
657 690 811 788 inodori,
844 692 1038 794 tripudium
1063 690 1338 767 involuntarium
1361 716 1450 762 enr-

331 833 432 899 rum,
457 808 611 910 ccclyses
637 809 871 906 transboriae,
894 853 946 868 -
971 811 1056 884 haec
1082 809 1179 883 fuere
1202 823 1446 909 symptomata

333 927 541 1026 praecipua,
566 951 655 1026 quas
685 928 898 1002 inconstanti
914 941 951 1000 et
967 926 1099 1000 alterna
1123 927 1200 1000 vice
1219 923 1449 1024 juvenculam

334 1041 604 1138 excruciabant,
650 1045 827 1118 eminente
862 1068 946 1144 prae
981 1043 1126 1116 caeteris
1162 1038 1364 1142 scelotyrbe.
1395 1082 1448 1096 --

331 1158 632 1234 Autlrelminthica
658 1158 703 1234 ab
728 1161 904 1235 accersito·
922 1159 1060 1233 medico
1077 1161 1253 1236 incassum
1275 1156 1446 1232 adhiben-

332 1291 402 1356 tur.
427 1279 470 1351 In
500 1292 623 1354 nostro
660 1279 796 1354 Clinico
829 1293 1011 1354 tentantur
1046 1277 1151 1353 flores
1186 1279 1304 1372 Ziuci,
1337 1279 1446 1350 Cam*

282 1391 286 1404 '
331 1397 464 1498 phora,
488 1397 726 1496 magisterium
749 1397 949 1492 Rismuthi,
973 1395 1182 1493 Valeriana,
1206 1397 1445 1487 Castoreum,

331 1518 401 1592 Asa
427 1507 578 1614 foetida,
602 1511 757 1594 teme&
782 1517 998 1592 stomaclrica
1032 1517 1153 1612 varia,
1186 1515 1269 1589 litus
1306 1515 1445 1588 ners'ini

334 1641 432 1736 juxta
458 1637 597 1745 spinam
627 1637 744 1728 dorsi,
782 1637 909 1712 ultimo
945 1635 1127 1710 Martialis.
1168 1635 1292 1734 Noluit
1326 1649 1447 1708 autem

335 1753 523 1851 impatiens
548 1778 649 1853 aegra
684 1754 815 1828 diutius
850 1753 946 1855 apud
970 1777 1034 1828 nos
1070 1753 1301 1848 commorarig
1337 1775 1446 1852 quare

332 1869 530 1944 dimisimus
555 1898 657 1968 eam,
681 1897 754 1947 non
778 1886 937 1950 sanatam
971 1871 1154 1975 equidem,
1187 1869 1251 1944 sed
1280 1867 1446 1944 notabili·

335 2003 390 2064 ter
414 1989 643 2066 sublevatam.
718 2041 724 2049 ·

383 2109 635 2208 Compensarit
659 2105 871 2185 indefessam
895 2125 1054 2184 nostram
1088 2133 1210 2183 curam
1246 2105 1445 2180 fortunatus

335 2238 483 2300 ercutus
507 2221 653 2300 choreae
678 2224 714 2299 S.
744 2219 846 2316 Vua,
876 2253 946 2326 qua
980 2225 1100 2328 puella
1133 2223 1298 2298 undecim
1332 2247 1446 2305 anuo—

333 2367 416 2415 rum
441 2346 510 2441 jam
536 2367 556 2414 s
582 2339 742 2441 pluribus
767 2343 998 2418 hebdomadis
1023 2342 1214 2418 laborabat
1239 2341 1331 2433 Quin
1354 2365 1443 2412 cau·-

335 2485 410 2532 sam
437 2454 618 2558 adsignare
642 2461 800 2540 scitisset
823 2488 949 2564 parens
975 2464 1104 2536 amoris
1127 2461 1272 2562 plenus,
1287 2459 1347 2560 qui
1362 2483 1445 2530 cor·
1470 2477 1478 2486 “

334 2573 457 2649 culam
482 2602 586 2649 strum
610 2591 750 2650 nostrae
787 2581 966 2654 commisit
999 2577 1245 2674 sollicitudini,
1279 2574 1452 2659 morbum,

334 2717 355 2766 a
380 2706 523 2794 torpore
547 2691 682 2768 brachii
708 2697 890 2798 utriusque
906 2710 1025 2771 ortum
1042 2698 1197 2798 coepisse
1214 2692 1448 2788 adfirmabat,

334 2815 392 2890 cui
417 2815 524 2916 paulo
549 2829 631 2917 post
655 2843 799 2892 crurum
814 2816 1036 2892 imbecillitas
1058 2815 1336 2918 subsequebatur
1352 2812 1447 2906 talis,

334 2950 377 3010 ut
400 2934 467 3008 sibi
492 2935 643 3038 poplites
668 2937 857 3038 improvise
882 2935 1013 3011 succidi
1039 2937 1138 3036 quasi
1164 2939 1307 3036 jamjam
1331 2931 1448 3033 lapsu·

334 3079 394 3130 rae
418 3054 574 3128 sentiret.
608 3055 761 3130 Octiduo
799 3057 859 3131 vix
893 3055 1013 3157 elapso
1052 3053 1260 3155 epilepticus
1295 3051 1481 3132 assulttu'

334 3169 491 3272 puellam
515 3195 536 3243 e
560 3192 685 3246 somno
710 3173 963 3274 expergefecit3
988 3185 1025 3245 et
1049 3171 1094 3244 ab
1125 3170 1235 3245 hocce
1263 3183 1448 3244 momento

335 3295 407 3392 jam
432 3292 591 3366 continui
615 3307 734 3367 motus
758 3291 893 3394 exleges
925 3319 966 3366 ac
997 3293 1132 3365 winvitae
1167 3287 1447 3390 gesticulationes

334 3407 588 3509 persistebant,
611 3409 660 3481 ita
686 3423 727 3482 ut
750 3435 865 3510 neque
897 3409 1045 3484 tirmiter
1081 3407 1230 3509 pudibus
1264 3407 1447 3501 insistere,

334 3547 451 3624 neque
474 3523 663 3624 prehensas
694 3527 856 3600 manibus
891 3552 947 3600 res
981 3528 1154 3625 retinere,
1188 3551 1303 3626 neque
1339 3551 1445 3600 voca-

334 3636 438 3734 bula,
462 3664 503 3711 ea
528 3665 598 3740 qua
623 3639 759 3714 solebat
795 3641 973 3738 claritate,
1008 3641 1164 3743 prolerre
1196 3643 1360 3743 potuerit.
1384 3641 1445 3713 In-

334 3753 572 3828 crescentibus
597 3769 719 3856 postea
743 3757 910 3832 motubus
940 3757 1085 3832 clonicis
1116 3773 1153 3832 et
1181 3756 1447 3859 gesticulaton'is

334 3898 475 3973 semper
498 3873 627 3950 cubare
652 3874 861 3975 cogebatur,
885 3876 1099 3951 accedebant
1116 3879 1185 3952 oris
1210 3892 1246 3952 et
1269 3876 1446 3952 labiorum

334 3991 501 4069 adsiduae
526 3995 764 4070 mutitationes
789 4011 827 4070 et
850 3995 1006 4071 ludimus
1032 4000 1292 4096 contorsiones,
1326 3996 1446 4098 dysin-

335 4109 403 4206 lia,
428 4127 464 4187 et
488 4113 716 4215 paraphonia.
741 4115 860 4188 Mente
886 4129 922 4188 et
937 4115 1097 4192 sensibus
1121 4119 1275 4220 eisternis
1292 4113 1447 4217 perlecta

335 4230 540 4327 constabat,
563 4259 627 4332 per
656 4255 822 4308 somnum
856 4231 1013 4336 plenaria
1052 4232 1296 4309 musculorum
1325 4233 1447 4333 quies3

335 4345 476 4430 habitus
511 4373 633 4449 aegrae
677 4348 909 4446 macilentus,
949 4349 1036 4426 fibra
1078 4347 1287 4446 delicatula3
1324 4347 1447 4451 pulsus
