3264 5194
339 359 406 412 tro

332 453 426 526 unde
451 477 633 528 erroneam
657 452 688 524 F
691 477 801 526 ucusn
829 452 987 547 (1542),
1003 450 1223 551 aliorumque
1239 451 1442 552 opinionem

331 569 379 642 de
402 570 553 642 Asiatica
577 567 719 668 plantae
754 566 939 670 progenie,
973 583 1078 669 atque
1112 569 1275 669 ineptum
1311 592 1443 640 nomen

326 691 450 786 grani,
474 687 548 764 sive
558 685 740 786 stramenti
762 691 886 760 tremicr'
909 700 1027 760 ortum
1052 685 1214 776 duxisse,
1243 683 1441 759 verosimil-

332 807 457 880 limum
483 821 546 882 est
571 807 642 880 Zea
677 807 779 908 Mays
815 807 935 906 itaque
971 811 1042 908 jam
1076 832 1097 878 a
1132 805 1245 880 tribus
1282 819 1319 876 et
1351 803 1443 878 ultra

331 923 479 1001 saeculis
502 951 568 1026 per
590 927 774 1026 Europam
808 923 956 1021 colitur,
989 923 1143 1026 ipsisque
1177 921 1360 996 Insubriae
1383 945 1442 994 ac-

332 1042 418 1120 colis
443 1041 487 1116 ab
512 1041 693 1122 indefinita
718 1067 893 1116 annorum
917 1043 1005 1143 serie
1030 1041 1276 1143 quotidianum
1299 1037 1452 1140 praebet·

331 1159 528 1262 pabulum,
551 1159 729 1260 Pellagrae
754 1159 901 1236 morbus
925 1173 1047 1238 contra
1072 1159 1211 1234 nonnisi
1229 1185 1250 1231 a
1266 1159 1442 1258 sexaginta

336 1277 475 1351 circiter
499 1277 600 1350 annis
625 1277 789 1354 innotuit
813 1319 865 1334 ·-
888 1277 971 1351 Non
995 1277 1111 1352 solum
1135 1278 1172 1350 in
1201 1277 1305 1350 variis
1322 1275 1442 1348 ltaliae

335 1393 557 1495 regionibus,
581 1407 618 1467 et
634 1408 675 1471 ut
697 1395 874 1496 proximas
890 1393 1133 1494 adtingamus,
1147 1396 1186 1468 in
1202 1393 1444 1500 Ultrapadana

333 1527 370 1588 et
393 1512 596 1586 Placentina
622 1513 823 1613 prouincia,
857 1511 921 1592 sed
955 1513 1061 1586 etiam
1096 1514 1135 1585 in
1178 1509 1443 1608 remotionibus,

333 1633 444 1706 immo
468 1631 709 1704 remotissimis
733 1629 859 1740 plagis,
893 1633 931 1704 in
967 1629 1112 1732 Tyroli,
1145 1629 1346 1728 Hungan'a,
1368 1629 1442 1702 Bu-

333 1747 495 1845 kowina,
518 1747 646 1822 Insulis
671 1748 831 1845 Autillis,
855 1749 1121 1849 vulgatissimus·
1139 1773 1214 1820 esse
1230 1745 1322 1820 solet
1338 1745 1442 1847 hujus

331 1866 414 1943 laris
438 1867 537 1951 inter
554 1891 726 1968 pauperes
742 1923 751 1963 ‚
768 1880 805 1942 et
819 1866 1026 1966 praesertim
1042 1865 1135 1940 inter
1155 1861 1323 1967 agricolas
1338 1888 1442 1958 usus,
1468 1869 1470 1872 ’

331 1984 418 2086 quin
443 1999 563 2064 tamen
586 1983 777 2085 pellagram
801 1985 859 2058 vel
884 1985 1027 2059 nomine
1051 1997 1209 2058 noscant
1226 1983 1328 2057 Idem
1350 1982 1443 2056 valet

331 2095 378 2178 de
402 2103 522 2182 infime
547 2101 652 2203 plebe
676 2103 831 2198 urbana,
855 2104 914 2176 oui
938 2127 1011 2177 non
1035 2103 1173 2198 minue,
1209 2127 1316 2202 quarn
1351 2127 1443 2174 cam-

334 2221 444 2320 pestri
469 2219 667 2315 communis
692 2233 745 2293 est
769 2219 933 2320 polentae
960 2219 1104 2292 cibatus.
1121 2220 1237 2292 Immo
1258 2215 1442 2317 lignicidac

334 2365 356 2410 e
380 2337 529 2412 collibus
566 2337 815 2439 Ultrapadanis
850 2352 887 2410 et
921 2334 1196 2416 Novariensibus
1221 2335 1444 2410 Ticinenseru

332 2470 370 2530 et
386 2454 684 2533 Mediolanensem
700 2481 822 2555 agrum
838 2456 1127 2558 commigrantes,
1142 2497 1194 2516 -·
1208 2451 1314 2553 vulgo
1331 2451 1441 2528 Mon·

332 2578 469 2664 mnan,
495 2575 690 2674 Resegetti,
714 2575 839 2649 Potiur'
861 2575 972 2672 alieti,
996 2619 1047 2635 --
1077 2575 1152 2650 sola
1181 2575 1345 2648 victitant
1381 2594 1454 2674 po·¹

332 2691 448 2792 lenta,
472 2707 508 2768 et
534 2707 651 2766 tauron
682 2681 707 2766 ¹a
742 2691 937 2793 pellagrosa
974 2692 1053 2766 labe
1087 2695 1263 2767 immunes
1297 2693 1443 2788 vivunt,

210 2821 211 2826 ’
332 2815 549 2914 paucissimis
574 2827 712 2892 tantum
737 2814 950 2914 individuis,
974 2817 1036 2920 qui
1060 2817 1156 2896 hunc
1173 2841 1296 2918 agrum
1312 2815 1442 2890 diutius

329 2931 514 3028 incolunt,
539 2935 702 3034 exeeptis.

383 3052 487 3124 Hisoe
521 3053 627 3152 igitur
659 3055 800 3128 iunixus
837 3054 936 3128 lactis
975 3069 1011 3128 et
1044 3053 1237 3129 observatis
1263 3052 1440 3127 fereulae

334 3166 446 3242 farina
472 3171 573 3270 Mays
598 3185 718 3270 parata
743 3196 858 3272 neque
882 3174 948 3272 pro
973 3172 1098 3268 unica,
1120 3197 1236 3272 neque
1260 3197 1327 3270 pro
1343 3197 1442 3271 prae-

334 3287 438 3386 cipua
449 3311 551 3361 causa
562 3289 696 3388 Leprae
706 3288 902 3364 insubn'cae
918 3314 1105 3388 agnoscere
1120 3284 1441 3390 propendoglonge

334 3419 454 3478 tamen
479 3402 622 3499 absum,
646 3432 754 3506 quam
778 3407 879 3484 utin
904 3405 1047 3486 leudem
1071 3406 1177 3508 hujus
1202 3403 1346 3481 cerealis
1361 3430 1441 3506 pro-

333 3546 556 3622 rumperem,
580 3524 677 3622 quod
700 3525 810 3601 immo
834 3525 955 3604 multis
980 3525 1056 3602 aliis
1079 3525 1183 3626 longe
1205 3525 1349 3600 inferius
1366 3549 1440 3598 esse

334 3637 494 3720 arbitror.
506 3641 803 3742 Quantascunque
819 3645 1047 3718 oeconomico
1059 3645 1189 3718 intuitu
1203 3643 1327 3718 offerat
1342 3669 1442 3746 prac-

334 3757 527 3854 rogatiras,
551 3772 711 3859 respectu
737 3761 901 3834 sanitario
926 3761 973 3834 ad
996 3762 1147 3850 eandem
1172 3788 1254 3836 cum
1271 3761 1443 3858 Festuca,

334 3873 453 3969 Milio,
477 3888 513 3950 et
537 3875 724 3977 Fagopyro
749 3874 893 3951 classem
919 3877 1065 3978 relegari
1099 3879 1214 3953 debet
1249 3879 1443 3978 Nutricna,

333 4021 376 4068 ac
409 3995 556 4095 proinde
591 3999 744 4096 praefixo
781 4023 889 4098 scopo
926 4000 1119 4088 annonario
1161 3997 1439 4102 correspondens

333 4111 444 4186 virtus
469 4111 656 4192 cerealium
680 4128 846 4213 augetur,
880 4113 938 4190 vel
972 4117 1145 4195 minuitur
1178 4141 1261 4190 cum
1296 4113 1441 4216 glutinis

333 4232 432 4333 quod
455 4234 656 4331 continent,
680 4237 875 4335 quantitate
899 4249 1002 4312 aucta
1018 4236 1078 4313 vel
1096 4237 1307 4333 imminuta,
1329 4235 1441 4310 hocce

223 4439 228 4452 Ι
333 4353 429 4428 enim
454 4353 665 4455 principium
690 4367 835 4428 naturae
860 4355 1002 4430 animali
1027 4357 1319 4458 quamproxime
1343 4379 1441 4428 acce·

334 4469 401 4550 dit.
421 4469 603 4546 Jsssiiern·
633 4471 781 4572 lerinam
817 4474 907 4550 Zeae
943 4475 1044 4578 Mays
1074 4473 1207 4576 glutine
1232 4471 1439 4550 destitutam
