3264 5194
1302 369 1370 446 165

267 489 391 592 frigida
416 490 940 594 complacarimus.1mminuta
974 489 1202 596 postmodum
1233 488 1374 570 inlluru·

265 611 448 706 mationa,
479 611 702 710 superstitem
735 610 965 684 secretionem
999 607 1376 684 setoso-muculentam

267 663 457 828 collyriuiri
482 727 669 823 Conmnu,
685 751 705 801 e
722 751 831 825 grano
848 725 1013 800 Mercurii
1029 723 1227 822 sublimati,
1246 725 1375 800 drach·

264 869 323 920 ma
340 901 343 908 .
360 843 506 920 dimidia
539 845 699 920 Laudani
733 845 858 946 liquidi
895 843 1145 946 Sydenhami,
1183 845 1376 920 semiuncia

264 961 483 1061 mucilagiuis
508 961 713 1063 cydoniae,
736 978 773 1036 et
795 987 857 1037 sex
889 963 1002 1036 unciis
1037 987 1148 1062 aquae
1182 959 1376 1037 destillatae

265 1079 459 1154 conflatum
483 1081 577 1154 intra
601 1106 732 1182 paucos
758 1080 910 1156 correxit
933 1079 1018 1154 dies.
1034 1079 1152 1154 Unico
1174 1091 1314 1154 tantum
1337 1080 1376 1156 iu

265 1221 348 1270 casu
383 1191 800 1298 blephampttlntntuua
833 1192 1088 1286 ouantem,
1124 1220 1215 1300 quac
1249 1199 1322 1298 jam
1354 1221 1376 1274 a

264 1339 385 1387 mense
420 1311 658 1390 cachecticam
691 1339 800 1390 anum
834 1313 1095 1414 sexagenariam
1127 1310 1377 1408 excmciabat,

263 1447 301 1506 et
324 1455 454 1533 pravae
478 1431 604 1534 procul
627 1431 737 1508 dubio
769 1433 1031 1508 constitutionis
1064 1433 1174 1533 gratia
1209 1453 1376 1510 corneam

262 1549 347 1624 hinc
371 1549 454 1625 indo
479 1551 633 1649 arrosit,
651 1549 801 1652 simplex
824 1549 900 1648 illa,
916 1575 987 1652 qua
1003 1574 1143 1652 semper
1158 1575 1242 1628 cum
1257 1549 1375 1626 fluctu

262 1667 419 1764 utimur,
443 1665 608 1742 medendi
634 1668 724 1742 ratio
748 1691 822 1742 nou
846 1666 993 1752 suffecit
1024 1668 1235 1744 Processum
1268 1667 1374 1770 phlo-

261 1787 424 1886 gistimm
447 1787 523 1858 aine
547 1805 648 1860 mora
671 1783 889 1882 refraenare,
904 1799 942 1862 et
957 1785 1161 1862 ulteriorem
1189 1785 1372 1864 ichorosae

261 1903 528 1978 exulcerationis
544 1927 669 2002 ,quae
693 1928 842 1978 corneae
866 1841 1024 1980 burellus
1040 1904 1143 1980 facile
1159 1903 1375 2008 depascitur,

260 2045 484 2122 progressum
507 1957 678 2122 inipedire
701 2019 841 2118 aduini,
864 2019 1040 2121 guttulam
1064 2021 1225 2098 Laudaui
1247 2020 1373 2124 liquidi

262 2141 367 2216 oculo
390 2139 544 2242 penioilli
568 2165 637 2241 ope
661 2139 819 2241 quotidie
842 2139 1003 2216 instillari
1010 2153 1216 2241 ,unguenta
1231 2139 1374 2216 stibiato

258 2285 354 2363 pone¹
370 2283 472 2332 aures
488 2257 632 2355 illinita,
648 2273 685 2332 et
700 2259 876 2335 resicants
892 2259 1055 2334 nuchae
1045 2260 1214 2361 imposito
1228 2285 1373 2362 promp-

258 2392 333 2452 tam
357 2375 593 2452 revulsionetu
617 2375 728 2474 effici,
761 2391 868 2479 atque
902 2377 1151 2478 cacotropbiae
1186 2377 1372 2452 universae

257 2509 391 2570 statum
414 2491 709 2569 Antimonialibus
742 2507 780 2568 et
806 2492 1039 2569 Dulcamarae
1072 2493 1220 2571 decocta
1244 2495 1372 2597 corrigi

257 2613 446 2713 jussimus,
467 2613 506 2684 in
537 2609 742 2687 coronidem
766 2610 924 2686 medelae
941 2609 1130 2713 collyrium
1153 2609 1372 2712 adstringens

257 2727 437 2830 eLapide
470 2727 593 2804 divino
626 2727 829 2804 conlectum
866 2727 999 2831 pluries
1033 2727 1079 2804 de
1116 2727 1175 2806 die
1209 2726 1371 2806 adhiberi

258 2861 463 2920 curantes·

307 2961 473 3036 Pluribus
497 2959 612 3036 edocti
637 2959 879 3060 experientiis,
902 2975 1005 3062 quot,
1020 2975 1058 3034 et
1081 2963 1205 3062 quanti
1230 2985 1365 3039 errores

255 3083 296 3156 in
320 3081 526 3156 tractatione
550 3078 850 3180 ophtlralmiarum
864 3133 867 3140 -
880 3081 1148 3156 committantur
1171 3107 1193 3155 a
1216 3079 1382 3158 medicis¹

256 3202 374 3275 minus
398 3199 539 3301 peritis,
563 3199 645 3298 qui,
668 3195 886 3298 generalibus
911 3212 1051 3272 tantum
1074 3196 1280 3275 dualisticae
1296 3197 1368 3276 dia·

255 3317 395 3393 tlaeseos
419 3315 600 3419 principiis
624 3313 742 3411 ducti,
767 3313 1056 3415 ophthalmitides
1081 3313 1206 3393 eadem
1221 3341 1366 3420 prorsus

254 3439 391 3513 ratione
424 3435 623 3512 tractandas
657 3459 732 3509 esse
769 3434 986 3535 perhibent,
1020 3436 1074 3510 uti
1108 3435 1250 3537 quasvis
1280 3433 1366 3511 alias

254 3553 404 3630 aliarum
427 3553 582 3656 partium
604 3549 926 3650 inflammationes,
950 3577 992 3626 ac
1020 3553 1221 3655 specificam
1245 3553 1366 3653 organi

253 3688 417 3768 naturam
451 3683 488 3746 et
520 3669 809 3772 idiosyncrasiam
833 3669 936 3746 flocci
960 3669 1121 3770 iaciunt,
1143 3711 1195 3730 -·
1219 3683 1365 3772 tyrones

252 3809 394 3870 nostme
419 3789 567 3866 Sclrolae
591 3791 703 3864 amice
736 3790 910 3866 exhortari
943 3815 1017 3866 non
1041 3793 1367 3892 praetermisimus,

251 3927 295 3988 ut
318 3939 339 3986 a
363 3935 501 3986 summe
525 3909 697 3986 damnoso
721 3909 1013 4013 cataplasmatum
1037 3911 1294 3988 emollientium
1328 3925 1367 3988 et

251 4029 483 4131 collyriorum
511 4028 734 4128 stipticorum
764 4053 832 4100 usu
863 4053 951 4103 cane
973 4033 1075 4130 pejus
1106 4041 1144 4106 et
1168 4053 1281 4130 angue
1305 4053 1365 4102 ca·

251 4159 368 4220 veant
394 4144 615 4220 lrrooncussis
652 4141 956 4220 observationibus
993 4145 1216 4246 exploratum
1252 4143 1363 4220 habe·

250 4289 351 4360 mua,
367 4263 616 4338 determinatas
632 4263 822 4361 organismi
843 4261 1009 4364 sphaeras
1026 4260 1248 4339 individuam
1263 4263 1364 4362 quasi

250 4381 362 4455 ιὶιιιιιι
386 4379 538 4474 ducere,
562 4379 714 4480 propriis
738 4377 857 4479 legum
881 4379 1097 4480 generalium
1130 4379 1362 4480 modificatio-

251 4498 356 4596 nibus
380 4499 632 4602 gubernatam,
655 4497 807 4604 ideoque
841 4525 915 4578 non
949 4499 1066 4578 solum
1098 4489 1250 4606 propriis
1280 4527 1361 4577 suc·
