3264 5194
310 329 385 464 aar

301 961 462 1039 Altitudo
475 961 754 1055 maximam-l·
773 989 808 1065 9.
845 967 878 1040 8.
914 967 1043 1060 pousd.
1078 965 1112 1040 5.
1143 989 1181 1065 9.
1215 961 1349 1061 grm95.

302 1081 805 1178 Altitudominima.»-r.
845 1083 879 1157 3.
943 1119 961 1151 n
987 1109 1043 1186 27.
1062 1107 1184 1156 ro.-·.
1258 1079 1347 1181 »5¹7.

302 1195 877 1293 Altitudomedia..n45.21.
938 1203 1042 1275 aad.
1085 1199 1183 1273 1.13.
1255 1195 1411 1270 assos

301 1313 515 1388 Vicissitudo
538 1315 688 1386 maxima
769 1314 804 1389 6.
843 1317 877 1390 3.
1011 1340 1045 1390 o.
1083 1316 1116 1408 d.
1153 1313 1188 1388 6.
1287 1313 1345 1406 34.

317 1429 690 1534 intmnycthemepum
728 1431 934 1509 (adludat)
982 1431 1183 1502 (tdlnotdag)
1207 1427 1415 1500 (Ιᾶἰοὶὅὼό)

301 1549 409 1626 Venti
434 1551 676 1624 dominantes:
703 1547 861 1624 Fovond.
1106 1617 1120 1642 ‚

302 1671 432 1744 Mensis
464 1672 564 1744 initia
601 1669 770 1746 nebulosa
804 1683 841 1742 et
874 1665 996 1742 tristia.
1030 1664 1132 1738 Licet
1154 1687 1235 1736 raro
1260 1659 1415 1762 pluen't,

302 1801 421 1861 tantus
445 1801 521 1861 erat
543 1787 809 1888 atmosphaerac
825 1783 969 1879 mador,
984 1795 1026 1855 ut
1041 1781 1307 1882 hygrometrum
1323 1803 1413 1878 pau-

302 1903 352 1976 cis
376 1905 517 1978 nonnisi
533 1903 657 1977 diebus
673 1907 764 1978 infra
781 1929 829 2004 90
848 1902 995 2003 gradum
1011 1898 1276 2000 deprimeretur.
1292 1895 1416 1968 Nihilo

301 2035 420 2095 tamen
430 2023 546 2094 minus
555 2021 803 2124 horoscopium
820 2021 929 2093 altam
945 2019 1059 2092 tenuit
1074 2017 1270 2089 stationem.
1281 2013 1414 2086 Viridis

301 2135 468 2212 arborum
484 2139 634 2211 amictus
654 2139 741 2211 citra
758 2161 895 2210 morem
910 2147 1052 2236 perstat
1069 2131 1143 2205 Sub
1160 2133 1267 2204 finem
1282 2130 1414 2202 mensis

301 2257 405 2332 multi
430 2257 506 2332 dies
530 2259 665 2355 sereni,
689 2271 725 2332 ct
749 2255 884 2359 frigidi,
906 2257 1163 2331 intercurrente
1186 2251 1336 2327 subinde
1351 2277 1413 2326 su·

300 2377 493 2480 perficiaris
518 2375 760 2478 congelatione
784 2376 830 2450 ab
855 2375 1041 2477 asperioris
1064 2373 1199 2449 Boreae
1221 2369 1318 2449 flatu.

690 2633 797 2687 nont!
821 2633 1008 2686 monstret.

313 2855 317 2866 '
350 2849 654 2954 Iryfommctiones
684 2855 925 2960 pulmonum,
955 2851 1196 2931 rdcunrctismr‘
1221 2858 1343 2948 arud,
1377 2867 1414 2926 et

293 2967 412 3076 febres
435 2979 696 3051 mtemuuentes
719 2989 916 3078 quartanae
938 2999 1024 3076 prae
1049 2973 1194 3047 caeteris
1219 2969 1413 3045 adfectibus

301 3091 575 3192 grassabantur,
598 3119 640 3167 ac
669 3089 774 3165 busta
799 3091 1015 3193 implebant.
1038 3131 1089 3148 --
1112 3087 1252 3165 Primus
1287 3113 1415 3186 aeger,

300 3233 374 3312 quo
397 3209 567 3285 clinicum
590 3209 805 3285 curriculum
830 3211 943 3286 exorsi
968 3235 1111 3308 sumus,
1131 3207 1290 3282 benefico
1315 3205 1415 3282 velut

301 3327 457 3402 Numine
481 3325 583 3402 nobis
608 3325 825 3429 opitulante,
848 3353 954 3404 omen
973 3323 1138 3428 praebuit
1152 3323 1414 3400 constitutionis

301 3441 517 3544 epidemicne
541 3443 646 3546 hujus
672 3447 810 3519 mensis.
836 3447 932 3520 Duas
960 3443 1020 3519 ille
1054 3445 1093 3518 in
1125 3441 1290 3518 medullis
1325 3439 1415 3518 fovit

302 3559 500 3660 diatbcses,
523 3563 614 3637 miro
638 3559 718 3635 lusu
742 3565 1020 3666 reciprocantes,
1035 3589 1186 3664 quarum
1203 3587 1274 3636 una
1290 3585 1414 3635 excan-
1449 3557 1452 3562 ’

301 3675 467 3754 descente
491 3677 601 3754 altera
635 3681 805 3756 conticuit
840 3681 1012 3784 quidem,
1044 3681 1112 3756 hac
1143 3707 1228 3758 vero
1263 3679 1412 3754 feliciter

301 3793 508 3900 perdomata
532 3795 651 3873 denuo
675 3797 942 3875 recrudescebat
974 3795 1062 3896 illa,
1095 3799 1190 3899 aegri
1225 3795 1339 3872 salute
1373 3798 1417 3869 in¹

302 3937 440 3991 summe
464 3913 609 4022 ancipiti
632 3913 728 3994 bivio
753 3931 789 3991 et
818 3919 976 4022 compito
1004 3917 1204 3992 constituta.
1239 3915 1325 3990 Fuit
1357 3917 1414 3988 vir

302 4031 491 4132 robustus,
514 4023 541 4108 a'
560 4035 717 4138 quinque
741 4035 859 4112 lustris
884 4053 1011 4136 natus,
1034 4039 1176 4113 sartoris
1201 4061 1307 4140 opere
1337 4035 1412 4111 vic-

302 4163 381 4225 tum
404 4151 624 4254 miseritam,
657 4153 745 4254 qui,
773 4179 873 4230 mero
897 4181 918 4228 a
952 4153 1073 4228 multis
1099 4159 1171 4256 jam
1203 4155 1304 4227 annis
1328 4177 1412 4254 pro·

300 4267 379 4343 fuse
401 4267 613 4370 indulgens,
636 4273 730 4346 inter
752 4273 881 4376 pocula
905 4299 1090 4350 aerumnas
1119 4273 1254 4349 diluere
1287 4269 1412 4346 suevit

176 4389 179 4404 ⁴
303 4387 453 4485 Ineunte
477 4410 608 4492 mense
623 4388 837 4492 Septembris
862 4393 1048 4469 tertianam
1073 4391 1247 4466 contraxit
1263 4389 1411 4487 febrem,

304 4495 479 4602 emeticii,
502 4505 754 4612 purgantibus,
777 4533 819 4586 ac
843 4509 1036 4615 peruriano
1059 4509 1188 4584 cortice
1206 4505 1409 4612 jugulatam.
