3228 5166
1247 407 1301 486 55

192 529 321 606 trienni
357 529 554 606 studiorum
591 529 864 607 thematicorum
899 527 944 608 arl
981 533 1104 635 pratia
1133 527 1297 606 clinicam

191 647 435 730 admittuntur.
460 649 633 739 Quemvis
655 671 799 748 aegrum
822 648 964 749 speciali
980 649 1214 725 obsewauoni
1240 675 1302 730 cu*

191 769 344 868 juspiam
368 749 547 839 candidati
571 766 850 862 committimus,
871 779 914 838 ut
938 779 1096 861 exactas,
1120 765 1165 838 ab
1198 759 1330 840 initio)

135 951 139 960 .
192 910 304 984 usquc
329 882 376 956 orl
399 884 507 956 linem
523 907 643 980 curae,
658 882 800 983 colligat
822 875 1084 984 ephemerides,
1099 881 1197 983 quod
1222 884 1301 982 qui·

193 1001 278 1076 elem
305 991 461 1074 officium
494 1001 659 1080 omnibus
689 1015 725 1076 et
753 997 899 1101 singulis
935 1000 1079 1102 Hygeae
1113 996 1305 1072 delubrum·

195 1117 406 1192 adeuntibus
429 1118 476 1193 ad
498 1121 686 1194 minimum
710 1120 766 1193 bis
789 1121 828 1194 in
852 1143 948 1194 anno
971 1115 1156 1192 incumbit
1171 1157 1223 1172 -
1238 1115 1304 1188 Or-

148 1312 162 1340 „
195 1237 391 1312 dinafiones
415 1237 649 1338 vespertinas,
672 1252 714 1312 ut
737 1260 844 1338 supra
866 1237 1088 1332 notavimus,
1121 1233 1305 1336 exequitur

157 1343 164 1357 '
194 1354 351 1428 medicus
376 1354 607 1450 auxiliarius‚.
620 1357 682 1456 qui
706 1353 745 1430 in
778 1356 857 1455 ipso
894 1353 1108 1430 Nosocomio
1141 1351 1305 1448 habitat5

194 1487 236 1544 ut
259 1473 365 1546 ctiam
388 1473 571 1546 nocturnis
595 1470 709 1571 boris,
731 1471 762 1546 si
786 1469 874 1572 quid
897 1469 1083 1568 acciderit,
1098 1484 1304 1572 promptum

193 1587 285 1665 ferre
308 1591 421 1690 pcs’sit
444 1589 623 1664 mutilium.

242 1705 441 1782 Praemisso
465 1709 625 1782 examine
650 1707 743 1808 aegri
758 1701 998 1804 exactissimo,
1018 1715 1123 1808 atque
1140 1706 1305 1801 comanis,

194 1847 261 1924 peu
283 1837 458 1922 quantum
481 1822 583 1920 licet,
613 1825 802 1899 momentis
836 1823 1097 1918 anamnesticis,
1126 1823 1239 1897 causis
1265 1835 1303 1898 ct

194 1928 515 2045 symptomatibus,
538 1943 585 2019 ad
607 1943 725 2019 morbi
748 1943 934 2042 drugnosr'n
958 1939 1172 2039 accedimus,
1196 1967 1307 2044 quam

146 2133 151 2141 .
196 2062 236 2134 in
259 2061 433 2161 principio
457 2087 580 2136 cursus
603 2059 721 2137 clinici
746 2061 870 2134 fissiori
894 2083 1056 2134 sermone
1076 2057 1306 2161 explicamus,

195 2179 309 2252 serius
334 2193 452 2273 autem
476 2179 561 2280 ipsis
585 2177 766 2280 discipulis
782 2175 1037 2252 enucleandam
1057 2177 1306 2280 relinquimus,

197 2293 351 2370 consiliis
381 2309 418 2370 et
447 2295 723 2372 correctionibus
757 2293 1006 2371 succurrendo.
1041 2293 1095 2370 Ut
1124 2304 1243 2368 autem
1267 2293 1307 2366 in

195 2415 307 2491 arduo
341 2413 410 2490 lroc
444 2417 585 2516 negotio
621 2415 811 2492 titubantes
835 2429 1005 2518 tyronum
1040 2437 1177 2513 gressus
1206 2424 1307 2488 tanto

196 2534 353 2608 securius
378 2531 596 2634 dirigantur,
617 2531 860 2637 adaequantia
876 2545 1055 2630 momenta
1079 2533 1306 2635 praecipuam

195 2653 434 2728 convertimus
459 2651 728 2728 adtentionem.'

243 2768 462 2864 Palmarium
486 2769 692 2872 diagnoseos
729 2766 984 2846 adminiculum
1019 2763 1223 2870 suppeditat
1250 2793 1306 2842 se·

193 2892 341 2962 mistice
374 2888 452 2962 Stat
485 2913 571 2964 vero
604 2887 793 2962 difficultas
816 2891 857 2960 in
891 2901 992 2961 recto
1026 2899 1307 2988 symptomatum

194 3003 434 3078 essentialium
458 3019 495 3079 ct
517 3005 788 3091 accidentalium
811 3005 1034 3101 discrimine3
1053 3003 1168 3078 morbi
1185 3007 1307 3105 cogni·

196 3127 248 3198 tio
273 3126 368 3196 enim
392 3125 533 3200 nonnisi
557 3151 578 3200 e
601 3125 777 3229 prioribus
793 3126 868 3200 erui
890 3120 1029 3227 poterit.
1044 3125 1115 3198 Vix
1138 3125 1307 3200 wuorem

195 3241 450 3342 hoc-respectu
475 3243 571 3318 riam
594 3243 791 3339 noscimus,
814 3261 944 3343 quam:
984 3267 1012 3314 r.
1043 3239 1090 3316 ad
1119 3238 1305 3343 qualitates

194 3357 377 3434 sensibiles
401 3362 589 3462 organismi
613 3387 634 3436 a
658 3385 782 3435 norma
806 3357 1050 3456 deflectentem
1086 3383 1118 3432 a.
1140 3356 1204 3440 ,ad
1227 3383 1305 3432 ma·

193 3477 454 3554 nifastationem
479 3479 588 3576 vitae,
612 3480 686 3555 sive
711 3473 929 3553 functionem
947 3473 1142 3550 eminenter
1157 3474 1305 3576 laesam,

193 3610 231 3672 et
255 3596 289 3671 3.
314 3595 373 3672 ‘ad
396 3599 596 3699 passionem
622 3597 669 3672 ab
695 3620 798 3697 aegro
821 3593 1039 3691 monetam,
1063 3594 1193 3668 mentis
1217 3593 1304 3666 diri·

194 3741 275 3817 gerc
298 3717 541 3793 intentionem.
564 3761 617 3778 -
639 3719 775 3792 Verum
799 3715 945 3819 quidem
975 3729 1050 3812 est,
1078 3711 1140 3788 tali
1168 3715 1304 3788 ratione

194 3857 300 3936 saepe
316 3834 388 3932 nil,
403 3837 471 3910 nisi
486 3835 603 3911 morbi
619 3835 835 3912 substratum
852 3849 889 3910 et
904 3831 1078 3929 formam,
1095 3834 1171 3908 sire
1186 3829 1305 3906 morbi

194 3953 360 4052 schema,
384 3955 482 4056 quod
504 3951 622 4039 sulbar
644 3939 914 4058 compellarunt
932 3955 1170 4050 Hermann,
1202 3953 1305 4025 inno·

193 4085 339 4148 tesceru.
363 4072 502 4148 Haecce
526 4087 645 4148 tamen
669 4073 768 4149 notio
797 4080 870 4176 jam
903 4085 958 4146 sat
986 4073 1130 4146 firmum
1153 4067 1306 4168 largitur

194 4189 366 4288 solertim,
390 4205 498 4292 atque
520 4195 688 4268 amussim
720 4217 794 4268 non
824 4191 1024 4293 ambiguam
1052 4213 1121 4292 pro
1149 4185 1305 4262 emenda

192 4304 311 4384 morbi
335 4310 507 4406 maeatis,
530 4311 605 4384 sive
621 4311 823 4388 conditione
838 4309 1080 4415 patlrologica,
1101 4305 1304 4407 etquidem

191 4427 363 4502 neoterici
387 4427 503 4503 dicere
526 4429 673 4506 malunt.
688 4431 882 4534 Postquam
902 4428 1175 4504 determinatum
1198 4425 1304 4502 fuerit

191 4545 368 4622 manate
383 4543 496 4622 nrorbr'
505 4544 733 4650 subeuntum,
742 4591 793 4608 -
809 4575 882 4653 quo
896 4547 1027 4624 intuitu
1042 4543 1303 4651 physiologicas
