3264 5194
347 339 418 416 156

339 459 401 534 tiri
425 457 569 558 solitus,
594 465 873 566 quotiescunque
898 461 1068 566 crapulis,
1093 463 1151 540 rel
1174 443 1368 538 immodice
1396 461 1458 534 in·

338 577 456 677 glunic
486 579 648 658 solutoris
673 585 852 684 regiminis
883 583 1019 683 regulas
1050 583 1358 683 transgrederetur.
1383 579 1457 652 Die

345 695 398 770 15.
430 697 614 796 Octobris,
651 727 734 774 oum
772 702 1003 802 praecedente
1043 727 1189 802 vespera
1229 699 1333 776 solite
1371 697 1456 770 lau·

338 815 409 888 tius
434 831 621 913 coenaret,
644 833 682 894 et
710 821 883 894 meracius
913 819 1070 914 biberet,
1099 818 1225 894 leviter
1253 816 1457 910 inhorruit,

338 930 554 1033 incaluitque
580 933 792 1009 alternatim.
817 937 921 1010 Fessa
947 935 1090 1008 trahens
1112 933 1291 1028 membra,
1320 945 1357 1006 et
1381 932 1455 1030 im·

337 1073 403 1148 par
427 1047 538 1124 labori
563 1067 747 1149 consueto,
770 1051 902 1126 lectum
926 1065 1046 1153 petere
1070 1052 1222 1150 cogitur,
1246 1047 1325 1144 ubi,
1349 1072 1456 1148 prae-

338 1166 396 1241 via
421 1167 646 1267 oppressione
671 1167 718 1242 ad
740 1166 904 1243 scrobem
927 1166 1062 1262 cordis,
1086 1166 1276 1262 anxietate,
1291 1177 1328 1238 et
1342 1187 1456 1236 sensu

338 1309 443 1358 aurae
467 1283 600 1360 calidae
634 1305 755 1362 versus
790 1300 897 1388 caput
931 1285 1177 1380 ascendentis,
1212 1282 1373 1383 sensibus
1414 1295 1456 1354 et

338 1403 553 1478 couscientia
576 1405 737 1506 protinus
761 1405 949 1506 privatur,
973 1404 1176 1502 sonuitque
1191 1400 1294 1474 humi
1317 1397 1456 1474 violen-

338 1520 480 1594 tissimis
496 1537 747 1624 conquassatus
763 1521 1062 1598 convulsionibus.
1077 1523 1165 1596 Post
1188 1519 1323 1622 aliquot
1344 1518 1456 1592 horas

338 1639 512 1738 resipiscit
535 1655 637 1715 antea
661 1655 823 1716 actorum
859 1642 1069 1737 immemor,
1101 1639 1154 1714 nil
1184 1653 1324 1740 praeter
1353 1663 1457 1710 sum-

338 1781 440 1854 mum
464 1757 668 1860 languorem
692 1775 856 1863 questus,
880 1786 922 1834 nc
947 1787 1012 1861 per
1034 1761 1158 1860 viginti
1183 1759 1257 1832 dies
1282 1773 1338 1834 set
1358 1757 1456 1832 bene

337 1875 441 1951 volet
466 1879 632 1955 Incautus
666 1907 772 1979 vero,
805 1895 842 1956 et
866 1880 968 1980 gulae
997 1879 1248 1954 blandimentis
1273 1879 1453 1980 imperare

338 1997 497 2092 nescius,
520 1999 559 2071 in
582 2000 767 2099 pristinam
791 2024 911 2072 rursus
928 1998 1052 2073 incidit
1075 1997 1213 2094 labem,
1234 2023 1325 2098 quae
1341 1997 1454 2072 modo

339 2119 411 2215 jam
435 2116 591 2215 quotidie
614 2117 776 2215 invadit,
801 2132 838 2192 et
862 2118 1006 2219 quidem
1030 2117 1106 2190 siue
1131 2113 1205 2190 ulla
1230 2141 1352 2211 causa,
1383 2141 1455 2204 nec

339 2233 624 2332 praecursoribus
649 2233 861 2336 quibusdam
877 2235 1098 2307 orntunciata.
1121 2231 1226 2305 Nunc
1248 2229 1456 2333 epilepsiae,

341 2375 438 2422 nunc
463 2351 668 2450 cardialgiae
703 2350 871 2448 acerbae,
901 2376 997 2424 nunc
1029 2348 1197 2451 simplicis
1233 2346 1452 2442 flatnlentiae

340 2481 377 2540 et
400 2494 568 2568 pyroseos
592 2469 735 2544 schema
759 2469 873 2567 ludit,
896 2483 978 2571 post
1002 2471 1179 2571 quinque,
1208 2493 1312 2542 sexve
1343 2465 1453 2540 horas

339 2611 403 2658 sua
429 2600 553 2686 sponte
578 2613 797 2664 evanescens.
821 2627 872 2646 —-·
897 2589 990 2664 Cum
1015 2586 1160 2662 indubia
1179 2587 1330 2660 urserint
1354 2610 1452 2686 sym-

338 2717 496 2804 ptomata
520 2703 683 2780 colluviei
708 2705 915 2802 sabunalis,
940 2708 1131 2780 tincturam
1154 2705 1243 2778 Rluei
1269 2729 1352 2778 cum
1376 2701 1452 2774 sale

339 2821 510 2896 Glauberi
543 2849 606 2925 per
640 2823 789 2902 biduum
823 2825 1055 2900 exhibuimus.
1093 2827 1221 2900 Postea
1262 2822 1454 2898 ventriculi

339 2939 469 3036 robur,
506 2953 543 3014 et
582 2945 782 3042 systematis
822 2946 963 3020 nervosi
1000 2944 1255 3022 firmitudinem
1288 2942 1453 3015 mixturis

339 3060 660 3157 nerviuo-tonicis,
691 3087 711 3134 e
742 3061 938 3136 Gentianae
962 3077 1140 3158 extracto,
1176 3063 1329 3158 tinctura
1364 3059 1451 3132 Cin·

341 3179 520 3275 namomi,
554 3205 645 3278 aqua
683 3178 871 3276 Menthae,
896 3193 932 3253 et
972 3181 1127 3282 Liquere
1158 3177 1327 3279 arrodyno
1354 3173 1455 3250 Hoff-

339 3295 461 3366 manni
498 3295 657 3370 conflatis
700 3299 883 3372 restituere
914 3297 1033 3372 aduniri
1063 3323 1196 3370 sumus.
1226 3293 1453 3370 Invalescen·

339 3423 413 3485 tem
438 3437 503 3512 per
534 3414 630 3488 vices
661 3416 933 3516 gastrudynianr
962 3415 1217 3518 spasmodicam
1250 3411 1454 3514 Nepenthes

341 3526 519 3625 Helenae,
556 3529 660 3604 dulce
697 3532 786 3606 illud
821 3534 1041 3606 cruciatuum
1079 3533 1258 3629 lenimen,
1292 3529 1454 3604 adamus-

339 3643 408 3718 sim
431 3645 631 3746 permulsit
656 3649 776 3748 Spatio
801 3649 951 3723 duarum
976 3649 1279 3724 hebdomadarum
1301 3670 1375 3721 non
1398 3671 1454 3718 so-

339 3761 416 3837 lum
440 3789 461 3838 a
485 3763 672 3838 ventriculi
697 3766 892 3860 morsibus,
916 3767 979 3841 sed
1003 3771 1111 3842 etiarn
1141 3793 1162 3842 a
1196 3767 1332 3846 caduco
1357 3766 1453 3841 naulo

338 3879 507 3956 liberatus
538 3882 627 3979 ruit,
661 3882 778 3984 quod,
813 3883 934 3958 habita
975 3887 1117 3986 originis
1155 3887 1320 3984 ratione,
1352 3909 1451 3959 mere

339 3995 600 4099 synrpatbicum
623 3998 729 4074 fuisse
753 4001 1038 4076 existimavimus.
1110 4083 1115 4096 ,

390 4113 533 4206 Quanta
557 4115 604 4189 sit
638 4116 763 4214 subiti,
799 4131 905 4219 atque
930 4119 1080 4219 ingentis
1106 4120 1249 4194 terroris
1279 4121 1317 4192 in
1342 4115 1453 4219 epile-

339 4231 414 4332 psia
439 4230 666 4332 producenda
682 4247 859 4334 potestas,
876 4233 949 4314 duo
965 4261 1066 4312 caetu
1083 4237 1166 4312 satis
1190 4235 1331 4310 abunde
1348 4233 1451 4309 nobis

339 4347 567 4424 testabantur.
592 4351 780 4449 -Puer,
821 4353 865 4447 14
888 4379 1065 4429 annorum
1083 4409 1094 4453 ,
1113 4347 1308 4457 'compagis
1345 4355 1455 4454 graci-

339 4463 455 4564 lioris,
480 4466 526 4542 ab
551 4468 749 4567 unguiculis
773 4484 893 4550 tamen
923 4497 1063 4575 semper
1093 4499 1216 4574 sanus,
1249 4475 1280 4548 si
1316 4473 1454 4548 febrem

1620 495 1624 574 l
