3228 5166
326 337 371 432 ¹4

318 452 446 528 florae
467 456 661 558 incepisse,
684 455 829 530 medicis
848 482 920 531 non
938 459 1197 560 minus,‹p1am
1223 459 1432 533 ecclesiasti·

319 574 371 647 cis
400 573 591 676 disciplinis
626 573 800 671 dicatam,
837 574 1130 650 Nestorianorum'
1162 578 1312 653 maxime
1343 603 1427 650 cura

320 697 503 794 insiguiter
528 709 740 769 exomatam.

370 813 528 888 Medione
562 813 657 888 illius
693 813 840 889 Sclrolae
873 828 981 916 caput
1015 814 1110 889 idem
1144 815 1253 888 fuisse
1287 815 1429 889 ridetur

319 931 517 1032 praefectus
540 929 777 1028 Nosoconric,
798 931 868 1004 cui
905 934 1054 1029 caeteri,
1088 933 1151 1034 qui
1186 933 1224 1004 in
1253 933 1428 1008 medicina

319 1049 500 1146 iacienda,
524 1049 698 1146 docerda,
731 1049 942 1124 discendave
976 1049 1263 1150 occupabantur,
1300 1049 1426 1124 subor-

316 1167 429 1242 dinati
454 1181 491 1240 et
514 1165 662 1266 subjecti
687 1180 796 1240 erant.
821 1168 929 1241 Extat
959 1167 1055 1269 apud
1076 1166 1291 1240 Assnuanun
1313 1193 1427 1242 canon

318 1313 363 1362 ex
386 1285 537 1362 concilio
562 1287 645 1358 anni
676 1285 789 1384 1318,
813 1311 885 1388 quo
909 1285 1000 1383 illis,
1028 1287 1089 1388 qui
1117 1285 1313 1360 medicinae
1341 1313 1427 1388 ope·

318 1433 397 1480 ram
421 1405 506 1479 dare
529 1404 725 1504 incipiunt,
761 1405 1017 1505 praescriptum
1053 1417 1126 1500 est,
1159 1401 1287 1505 quibus
1325 1417 1427 1476 antea

317 1522 447 1598 imbuti
470 1521 719 1622 exercitatique
744 1547 821 1597 esse
848 1520 1022 1618 debeant,
1037 1545 1160 1622 ⁸(putatu
1195 1519 1241 1594 ad
1269 1521 1427 1596 Nosocc·

318 1644 432 1740 mum
456 1641 695 1718 admittantur.
721 1640 927 1717 Notandum
950 1639 1056 1738 veie,
1080 1641 1177 1742 quod
1200 1639 1289 1715 illud
1313 1643 1429 1714 conci-

317 1761 408 1835 lium
431 1761 469 1834 in
494 1759 561 1834 hac
586 1759 838 1834 constitutione
862 1773 1024 1832 secutum
1048 1761 1095 1832 sit
1118 1757 1222 1857 longe
1252 1759 1428 1860 antiquio·

318 1907 414 1976 rem,
438 1907 544 1983 pam
574 1881 777 1956 Patriarclra
812 1883 1019 1956 Statuamus
1055 1882 1147 1956 circu
1183 1881 1328 1957 Annum
1353 1881 1427 1974 834

316 1997 534 2074 condiderat.

367 2117 599 2220 Praecipuam
623 2119 716 2192 inter
739 2117 845 2220 liujus
870 2116 1010 2192 scholae
1028 2116 1190 2191 alumnos
1213 2117 1344 2190 samam
1360 2117 1428 2190 sibi

317 2249 590 2339 promeruerunt
619 2235 793 2310 llnaaaru
827 2237 905 2310 Eun
939 2237 1134 2332 Matre,
1170 2233 1429 2308 Mobammedis

318 2367 526 2429 coaetaneus
544 2361 555 2448 l
570 2355 610 2430 A.
627 2354 699 2427 622
717 2361 785 2450 )‚.a
803 2358 903 2456 cujus
919 2337 1115 2454 praeceptis
1141 2350 1319 2425 discedere
1336 2351 1427 2424 Ara-

315 2469 381 2544 bes
405 2471 466 2544 diu
490 2471 557 2544 sibi
581 2471 740 2571 religioni
764 2469 963 2568 duxeruut3
981 2509 1033 2526 —-
1049 2469 1231 2544 &cuorus
1260 2469 1429 2542 Bacurrs-

313 2611 444 2665 cautu
468 2589 537 2683 (Α.
564 2615 634 2691 772
651 2594 684 2685 t,
707 2587 752 2661 ab
776 2587 985 2662 Almansore
1020 2586 1132 2660 Calil'a
1168 2587 1270 2687 regiis
1300 2611 1427 2659 mnne·

317 2707 416 2780 ribus
441 2705 714 2804 condecoratam
738 2719 846 2807 atque
863 2705 975 2779 Sanun
990 2706 1068 2777 Ean
1087 2705 1199 2778 Sanun
1225 2703 1292 2796 (A.
1310 2703 1428 2798 868),

317 2822 521 2900 Nosoccmii
551 2823 865 2926 Gandisaporensis
889 2821 1108 2924 praelectus,
1132 2819 1300 2923 religione
1325 2821 1428 2895 Chri·
1490 2813 1494 2825 ’

317 2941 692 3044 etimus,quilib1os
723 2940 924 3042 composuit
947 2937 1134 3038 celebres,
1167 2964 1188 3012 e
1216 2937 1345 3040 quibus
1374 2951 1428 3014 est

318 3058 410 3133 liber
432 3059 769 3135 medicamentorum
795 3058 1095 3160 compositorum,
1118 3081 1227 3159 quem
1255 3056 1294 3129 in
1318 3055 1428 3132 Nosc-

317 3179 442 3254 comiis
466 3192 504 3252 et
526 3176 826 3280 Pharmacopoliis
851 3176 1108 3279 sequebantur,
1135 3176 1258 3276 viginti
1288 3175 1428 3251 duobus

318 3291 492 3394 capitibus
523 3295 752 3370 comtarrtem,
781 3297 840 3368 En
869 3296 1024 3396 primum
1053 3295 1326 3396 Dispensatorii‚
1353 3295 1428 3370 sive

315 3409 459 3485 Codicis
483 3411 701 3486 medicinalis
726 3413 923 3512 vestigium.

366 3527 630 3605 Institutionem
645 3527 961 3626 mammonam,
986 3529 1157 3630 promotis
1178 3529 1291 3605 indica
1315 3531 1425 3632 magis

317 3643 514 3744 perfidem
538 3645 776 3720 Christianam
809 3645 1054 3748 hospitalitatis
1084 3661 1122 3722 et
1144 3645 1426 3751 philanthropiae

317 3759 519 3862 principiis,
543 3765 650 3840 etiam
674 3765 721 3840 ad
735 3790 882 3866 praxeos
907 3763 1052 3840 clinicae
1072 3767 1291 3842 incrementa
1314 3767 1426 3868 pluri·

317 3905 419 3952 mum
442 3881 664 3957 contaibuere
688 3883 873 3983 debuisse,
896 3909 1003 3959 nemo
1031 3884 1165 3960 inficias
1199 3883 1276 3959 ibit
1301 3886 1426 3960 Xeno·

316 3995 466 4096 dochia,
481 3999 786 4103 Ptoclrotroplrea,
801 4016 838 4075 et
854 4001 1065 4078 Nouocomia
1087 4004 1191 4076 unice
1217 4001 1426 4077 christianae

315 4117 456 4218 pietatis
480 4115 615 4194 fructus
641 4119 766 4217 fuisse,
794 4119 893 4194 omni
926 4119 1032 4194 laude
1069 4115 1315 4221 dignissimos,
1338 4143 1427 4194 con·

315 4245 409 4331 stat3
432 4257 586 4338 numque
611 4261 687 4310 rem
711 4235 948 4338 perfunctorie
973 4237 1182 4340 disquirenti
1201 4235 1327 4310 saltem
1352 4257 1427 4311 non

316 4348 505 4450 obtingunt
528 4352 633 4455 hujus
655 4353 791 4454 generis
808 4354 967 4428 instituta
983 4353 1041 4427 vel
1063 4353 1159 4460 apud
1176 4355 1352 4453 Gamo,
1367 4351 1425 4428 vel

315 4471 494 4550 Romanos
519 4474 661 4552 Christo
687 4475 847 4554 nondum
871 4475 1039 4552 addictos.
