3148 5170
1542 260 1545 320 l

1538 342 1551 555 l

416 527 421 538 ’
552 563 820 684 creor
869 559 1325 723 Quanrunr.

420 821 437 853 ⁹
504 833 917 909 NECROLOGIUM
951 827 1380 908 EPICRITICUM.

843 993 862 1044 Ι

771 1077 1066 1114 ona*-

418 1408 436 1447 s
471 1277 578 1456 H
568 1401 672 1454 Arar
694 1377 762 1458 Irus
786 1383 875 1457 sices
898 1383 1054 1458 conditio
1085 1375 1339 1466 ηιοιΐαὶἱωη,
1374 1383 1422 1444 ut
1447 1369 1498 1442 ad·
1544 1416 1548 1427 ·

365 1531 384 1565 n
406 1517 500 1574 versa
524 1525 575 1574 ex
598 1502 761 1576 secoro
769 1555 785 1592 ,
808 1525 860 1576 ex
875 1501 1026 1574 aduersu
1041 1497 1197 1572 secunda
1222 1504 1497 1574 nascanwrrs

367 1617 643 1719 elegantissimus
667 1623 807 1725 scripsit
830 1621 1055 1725 Imperatoris
1078 1613 1224 1720 Trajani
1246 1609 1496 1710 panegyrista..

365 1737 472 1810 Sacra
509 1731 669 1838 prolecto
706 1741 853 1834 veritas,
887 1763 996 1839 quam
1029 1737 1105 1837 ipsa
1143 1727 1325 1808 doctrina
1365 1723 1489 1800 medica

364 1857 449 1927 satis
474 1877 649 1956 superque
680 1871 837 1932 testatur.
876 1857 1090 1931 Densissima
1125 1852 1313 1926 hactenus
1354 1843 1490 1942 caligine
1547 1847 1553 1860 '

365 1971 494 2046 obruta
518 1974 695 2073 squaleret
719 1978 833 2052 omnis
869 1975 1023 2072 theoria,
1061 1973 1250 2073 omnisque
1291 1960 1483 2070 praxiani

366 2115 462 2166 mors
487 2106 562 2166 atra
587 2089 782 2168 beneficam
806 2096 983 2170 foenerata
1009 2107 1099 2168 esset
1114 2091 1243 2164 lucem.
1264 2091 1482 2162 Denatonrn

367 2221 445 2281 exta
471 2234 536 2282 nos
561 2208 711 2283 edocent
735 2211 780 2284 de
805 2211 932 2306 rebus,
957 2233 1107 2312 quarum
1131 2209 1170 2282 in
1194 2207 1294 2281 vivis
1323 2218 1479 2304 persaepe

367 2353 434 2404 nec
458 2329 727 2402 remotissimam
753 2335 994 2433 conjecturam
1024 2355 1150 2431 capere
1180 2325 1278 2401 licet,
1307 2321 1369 2416 Id,
1394 2313 1478 2418 quod

366 2452 503 2526 ratione
534 2451 623 2524 duce
657 2452 837 2526 interdum
872 2451 1017 2553 adsequi
1050 2449 1229 2546 valemus,
1273 2443 1476 2521 confirmare

367 2573 495 2671 juvant
519 2566 715 2668 extispicia,
741 2569 889 2643 rimante
906 2567 1021 2643 cultro
1037 2563 1233 2670 perfectae,
1258 2583 1400 2637 novum
1419 2549 1470 2647 ¹35·

368 2699 450 2782 tur,
463 2686 787 2789 amplissimumque
804 2689 1045 2789 cognitionum
1060 2685 1282 2760 medicorum
1299 2680 1470 2752 Oceanum

370 2806 535 2906 aperiunt
550 2803 733 2904 diligentes
750 2807 998 2907 necroscopiae
1008 2861 1018 2901 ,
1029 2807 1104 2878 sine
1128 2801 1258 2904 quibus
1275 2794 1378 2874 nulla
1393 2791 1467 2864 soret

369 2925 564 3019 Anatome,
599 2922 697 3000 nulla
730 2923 977 3026 Physiologia,
1013 2925 1281 3024 miserrimaque
1313 2903 1464 2992 Patholo·

371 3041 436 3140 gia.
471 3041 592 3134 Quum
627 3069 712 3118 vero
736 3045 774 3116 in
799 3043 910 3117 hocce
934 3043 1064 3117 summi
1094 3040 1266 3114 momenti
1298 3047 1465 3134 argumffl·
1553 3073 1554 3120 r

369 3171 432 3255 to,
456 3159 554 3261 quod
577 3163 756 3262 propriam
781 3161 977 3236 medicinae
1002 3163 1178 3263 practicae
1191 3173 1350 3261 spartam
1374 3145 1461 3222 eff0t'·

367 3290 464 3372 mat,
489 3273 824 3377 Anthrupotomiam
840 3292 963 3380 utpote
981 3275 1265 3381 patltologicum,
1281 3267 1386 3348 multi
1401 3255 1461 3333 Vffl'

367 3397 503 3469 strenui
519 3397 684 3472 omnihus
700 3399 833 3473 viribus
849 3399 1113 3496 insudaverint,
1137 3397 1197 3471 alii
1221 3397 1254 3472 ci
1269 3377 1459 3496 expoliessd⁰

370 3527 485 3588 totam
509 3513 582 3588 fere
623 3518 735 3591 vitam
769 3519 1073 3613 consacraverint,
1102 3514 1300 3590 uberrimus
1338 3507 1456 3613 jamjam
1552 3499 1554 3566 l

370 3645 466 3706 extat
513 3631 801 3709 observationum
843 3635 1037 3710 thesaurus.
1080 3634 1134 3708 Ne
1178 3633 1298 3735 itaque
1337 3613 1456 3701 crambe

368 3751 516 3852 repetita
541 3751 693 3853 pagellas
717 3752 958 3852 resarciamus,
987 3755 1149 3855 tritisque
1185 3750 1291 3824 rebus
1325 3739 1454 3822 taedium

370 3869 588 3966 adferamus,
612 3869 690 3944 illos
716 3869 886 3946 duntaxat
911 3897 1011 3946 casus
1043 3895 1248 3970 aegrorum,
1283 3869 1323 3940 in
1356 3867 1453 3934 nostr²

369 3983 495 4059 Schola
520 3985 645 4060 clinica
669 3986 938 4086 defunctorum,
974 3989 1166 4090 exposituri
1202 4013 1345 4082 sumus,
1382 3989 1451 4075 q¹¹⁰s

368 4101 427 4178 vel
452 4100 497 4176 oh
522 4103 713 4204 singulares
750 4107 789 4179 in
824 4105 1054 4182 cadaveribus
1096 4103 1331 4207 deprehensas
1363 4102 1447 4170 meta·

368 4221 575 4322 morphoses
599 4225 803 4322 organicas,
844 4223 903 4299 vel
940 4223 988 4300 ob
1026 4225 1223 4325 epicriticas
1263 4210 1452 4294 animator·
1553 4275 1554 4284 ,

368 4335 505 4434 aiones,
547 4339 676 4440 quibus
717 4343 857 4443 copiam
895 4340 1094 4440 dederunt,
1134 4339 1316 4416 mentione
1352 4333 1446 4429 dig¹1⁰⁵

368 4453 653 4530 existimavimus.
994 4463 998 4472 ’
