3228 5166
186 531 251 610 pro
275 507 343 582 aris
372 519 410 581 et
434 505 520 580 focis
545 497 763 598 defendunt3
786 535 837 556 --
860 497 992 576 denno·
1007 499 1066 576 alii
1089 497 1299 578 morbiferos

186 625 460 700 cacodaemones
471 617 779 696 indiscriminatim
788 617 951 692 remediis
960 617 1190 720 pnrgantibns
1202 643 1301 700 caton

186 743 321 837 cicant,
344 763 479 841 perque
504 761 613 810 anum
637 732 829 836 expellunt
853 775 905 792 -
928 731 1005 810 sus
1030 749 1127 810 tanta
1156 735 1298 836 opinio·

187 883 276 932 nam
300 853 534 955 discrepantia
559 853 702 926 cuinam
726 849 852 939 litare?
872 875 979 954 quem
1003 851 1127 954 sequi?
1142 893 1192 926 -τ-
1209 853 1301 932 Cun-
1399 871 1401 879 ’

188 976 255 1049 ctis
281 971 498 1070 auscultare,
527 971 655 1046 rationi
691 983 926 1074 repugnarem
960 969 1065 1044 unius
1099 979 1185 1048 vero
1215 969 1302 1046 alto·

189 1093 308 1165 riusve
332 1089 543 1163 sententiam
566 1085 733 1188 amplecti
757 1083 871 1184 velie,
894 1084 1113 1188 reliquorum
1146 1099 1303 1162 contem·

190 1219 269 1279 tum
293 1205 479 1301 excitarem
502 1227 619 1305 neque
642 1201 755 1276 facilia
779 1199 881 1282 labor
895 1199 1008 1300 soret,
1026 1227 1143 1305 oeque
1164 1215 1303 1303 gratum

190 1305 301 1426 opos,
325 1323 566 1404 densissimam
592 1321 767 1398 collocare
791 1319 932 1424 sylvam
956 1347 1126 1400 enorum.
1146 1325 1196 1398 -ln
1225 1349 1304 1399 are·

188 1467 273 1516 nam
297 1439 387 1542 adeo
410 1437 575 1516 limosam
598 1438 812 1516 descendere
837 1453 1144 1538 mesammones,
1169 1441 1208 1516 in
1230 1445 1304 1544 maa

187 1557 381 1663 plurimum
406 1557 607 1663 opprobrii,
630 1557 776 1634 honoris
800 1555 891 1632 nihil
923 1557 1167 1660 quaerendum
1199 1569 1301 1634 esset

187 1674 264 1750 Oh!
287 1687 424 1778 quanto
447 1675 579 1778 volnpa
602 1675 730 1779 magis,
753 1699 884 1776 aquam
907 1701 951 1750 ex
975 1674 1132 1752 fontibus
1146 1673 1304 1778 limpidis

187 1792 352 1901 haurire,
376 1817 486 1895 quam
509 1791 669 1872 turbidos
693 1793 819 1867 sectari
843 1793 997 1876 rivulos!
1021 1835 1072 1852 -
1089 1795 1208 1889 Quare
1224 1819 1302 1870 mo·

187 1911 256 1988 lius
281 1925 354 2010 est,
371 1911 583 2013 ephemeras
607 1911 687 1994 illas
714 1911 862 2016 eclipses
896 1911 1093 1990 medicinae
1131 1939 1204 1989 oon
1234 1937 1303 1992 no·

190 2057 308 2129 acere,
332 2055 441 2135 vam
465 2057 589 2108 carum
613 2029 769 2110 tenebris
793 2033 941 2108 coecari.

240 2149 361 2226 Nolim
384 2163 526 2248 mmao,
550 2150 629 2252 qaia
653 2163 776 2252 putet,
804 2147 897 2224 aelle
932 2173 991 2230 me
1028 2149 1150 2251 iniquo
1185 2151 1304 2226 animo

67 2300 71 2310 »
191 2266 405 2366 Themin,
440 2279 611 2370 tanquam
635 2291 713 2342 rem
736 2267 902 2366 inanem,
935 2267 1040 2342 nauci
1076 2269 1211 2365 iacere,
1244 2267 1313 2346 vel·

189 2415 333 2491 prorsus
357 2413 544 2492 spernere3
566 2387 666 2463 illam
690 2389 787 2463 emm
811 2413 951 2491 semper
985 2389 1108 2488 magni.
1133 2387 1242 2464 habui
1261 2389 1305 2464 'ct

190 2509 355 2606 habebo,
379 2535 450 2611 qua
474 2509 645 2588 nimimm
668 2509 699 2582 si
732 2521 867 2584 careret
900 2535 956 2583 ars
988 2509 1146 2607 medica,
1179 2532 1305 2586 manca

189 2643 411 2732 mactatque
436 2627 651 2731 imperfecta.
668 2627 818 2732 Spiritus
843 2627 1020 2702 humanos
1036 2643 1161 2730 suapte
1177 2644 1304 2704 natura
1437 2719 1446 2746 Ι
1555 2745 1558 2752 Ι

190 2751 342 2825 rationes
367 2748 528 2853 quaerit3

340 2921 628 2944 .........
653 2861 713 2940 Sec
737 2879 887 2941 oetemm
909 2869 1005 2944 sctit

339 2983 471 3060 Βεοιιηι
481 2983 592 3086 fam
602 3037 617 3075 ,
641 2989 693 3059 sic
711 2989 860 3088 prosint

343 3101 577 3205 Hippocmm
587 3153 602 3192 ,
627 3105 822 3203 mansitque
845 3097 991 3175 cochem.

193 3220 263 3296 Sed
288 3245 329 3294 ea
353 3217 470 3295 solum
494 3217 582 3292 mihi
607 3243 707 3294 mem
731 3231 808 3315 est,
835 3229 877 3291 ot
911 3215 1095 3292 ostendam
1129 3237 1202 3290 non
1228 3239 1302 3291 esse

192 3335 366 3411 Theon’ae
390 3333 487 3422 unde
512 3347 651 3409 tantum
684 3360 723 3410 ae
758 3333 909 3430 efferat,
944 3347 985 3406 ut
1024 3353 1131 3434 sopra
1172 3333 1302 3408 Praxin

191 3453 414 3529 dominatam
438 3451 506 3527 sibi
529 3450 650 3528 deberi
674 3452 868 3550 existimet,
893 3463 929 3526 et
953 3450 1005 3524 iili
1026 3451 1171 3554 praeire
1195 3450 1306 3551 velit,

194 3577 295 3676 cnjus
320 3573 465 3673 vestigia
490 3570 576 3648 olim
600 3575 747 3676 pressit,
772 3585 810 3648 et
838 3573 895 3648 cui
922 3597 1062 3675 semper
1089 3572 1200 3648 fasces
1224 3571 1305 3649 aab·

193 3693 331 3788 mittat,
355 3703 505 3792 oportet
529 3691 650 3792 Longe
674 3691 856 3770 diversam
881 3705 935 3766 est
950 3691 1172 3801 ratiocinari,
1198 3705 1304 3795 capue

193 3809 341 3910 operari.
365 3807 531 3905 Exultet,
555 3821 728 3911 qnantum
752 3805 868 3907 lubet,
893 3807 1067 3904 Theoria,
1100 3807 1167 3882 sibi
1202 3809 1305 3911 plan·

192 3927 275 4022 dat,
299 3941 336 4001 et
360 3927 452 4002 vires
477 3951 557 4001 suas
574 3939 746 4025 ostentet3
761 3929 798 4001 in
814 3928 967 4006 Praxeos
982 3951 1068 4002 vero
1091 3927 1178 4002 fines
1194 3941 1305 4000 tram-

193 4044 270 4118 i'usa
294 4042 361 4118 sibi
385 4057 577 4146 temperat,
601 4058 639 4118 et
662 4057 849 4146 agnoscat,
873 4041 985 4146 qualis
1009 4043 1048 4117 in
1065 4067 1106 4116 ea
1119 4043 1305 4145 provincia

193 4160 321 4264 hospes
346 4159 406 4244 iila
431 4163 493 4259 sit,
517 4175 554 4236 et
583 4177 717 4264 quanto
749 4163 916 4266 temporis
947 4159 1129 4265 impendio
1167 4173 1305 4238 constat

192 4277 305 4352 fidelis
331 4293 367 4354 et
390 4277 521 4354 solidae
538 4280 711 4382 practicae
728 4281 921 4384 acquisitio.
937 4322 988 4338 -·
1004 4281 1084 4354 Duo
1101 4291 1185 4352 sunt
1200 4301 1304 4381 prae-

193 4396 288 4496 cipui
313 4394 509 4471 medicinae
526 4396 713 4496 cardines,
736 4399 786 4473 ait
816 4399 1027 4493 Btomvms,
1056 4395 1145 4470 ratio
1174 4410 1211 4471 et
1238 4395 1303 4472 ob·

193 4515 366 4617 servatio3
390 4511 587 4593 observatio
611 4529 731 4594 tameo
756 4514 955 4614 ostilam,
989 4513 1034 4591 ad
1069 4512 1167 4615 qood
1197 4511 1303 4612 dirigi
