3264 5194
305 383 373 476 1⁰4

297 499 387 576 coeli
404 495 611 600 qualitatem
628 499 822 596 conjectat,
841 490 973 568 nobem
990 517 1056 593 pm
1070 491 1211 565 Junone
1227 488 1406 590 amplecti·

297 631 370 711 tur,
387 616 555 690 salacem
570 616 609 686 iu
626 612 778 686 tenebris
795 611 1162 714 qaraerit3*epecfieam
1179 609 1276 682 emm
1292 613 1407 706 cujus-

296 735 379 808 dam
395 735 446 806 rei
461 731 616 806 indolem
634 730 826 826 declarare,
842 745 947 830 atque
959 730 1193 828 ignorantiam
1203 727 1304 800 lateri
1315 783 1324 822 ,
1334 725 1406 799 sere

295 851 391 923 idem
416 875 491 924 ease
515 847 665 922 videtur.
681 849 718 918 Si
736 874 805 920 una
823 861 962 920 tantum
986 872 1028 919 ac
1052 845 1284 918 determinata
1301 868 1405 915 causa

289 967 342 1040 ad
367 964 483 1041 morbi
508 980 626 1040 ortum
650 965 800 1060 sufficit,
823 979 909 1038 tunc
933 966 1000 1050 ista
1034 964 1204 1037 eminenti
1228 961 1406 1066 potentiae

295 1084 406 1184 gradu
430 1081 584 1184 polleat,
608 1107 750 1156 necesse
775 1095 848 1176 est3
872 1081 941 1154 hoc
966 1095 1086 1154 autem
1110 1081 1225 1180 posito
1256 1080 1316 1154 vix
1351 1103 1408 1151 su-

288 1201 504 1304 spicandum
528 1201 636 1296 soret,
660 1225 737 1271 eam
757 1213 811 1273 tot
827 1198 1048 1272 medicorum
1064 1197 1262 1272 valentium
1286 1195 1408 1269 adten-

295 1323 429 1394 nonam
460 1319 630 1393 hactenus
661 1317 815 1415 effugere
839 1319 1007 1418 potuisse.
1032 1316 1156 1390 Plures
1185 1341 1228 1388 ex
1258 1313 1406 1388 adverso

295 1438 325 1509 si
350 1449 567 1510 concununt
590 1433 738 1528 noxiae,
774 1434 970 1532 grarimem
1004 1435 1258 1534 aegritudinem
1293 1433 1407 1505 conci·

296 1564 371 1626 tare
396 1550 588 1648 valebunt,
612 1551 748 1624 etiamsi
772 1550 976 1652 singillatim
1005 1567 1182 1654 spectatae
1212 1551 1407 1626 levidenses

296 1670 442 1767 fuerint,
465 1695 614 1744 numero
638 1669 859 1743 resarciendo
884 1669 941 1766 id,
964 1669 1062 1782 quod
1084 1668 1229 1770 singulis
1253 1663 1406 1742 efficacia

296 1787 438 1882 deficit3
462 1810 534 1887 qno
558 1787 596 1860 in
620 1811 704 1860 casu
728 1786 780 1860 nil
804 1789 936 1861 mirum
960 1788 1121 1889 profecto
1150 1789 1238 1883 erit,
1268 1789 1297 1860 si
1326 1813 1408 1861 ocu·

295 1905 452 1980 latissimi
478 1907 584 1980 etiam
609 1906 843 1982 observatoris
869 1909 960 1981 acies
986 1910 1214 2010 mysteriosae
1243 1933 1406 2007 genescos

295 2023 479 2125 caliginem
504 2023 672 2127 dissipare
704 2039 866 2126 nequeat„
898 2027 1060 2100 Securior
1089 2027 1217 2127 itaque.
1242 2025 1338 2098 mihi·
1354 2027 1406 2096 vi-

294 2141 400 2217 detur
423 2143 501 2239 via,
525 2141 698 2244 pellagrae
723 2145 894 2242 originem
924 2145 1161 2246 perquisitum
1197 2142 1316 2248 plures
1351 2145 1406 2217 in-

296 2261 402 2363 jurias
426 2261 604 2336 morbidas
641 2287 726 2362 prae
760 2261 873 2336 oculis
911 2289 986 2336 esse
1022 2262 1223 2360 habendas,
1257 2289 1407 2364 quarum

296 2377 437 2482 plures,
459 2379 570 2450 immo
598 2375 786 2478 pleraeque
816 2381 963 2454 seorsim
994 2379 1232 2454 consideratae
1261 2380 1407 2454 diversis

295 2495 444 2597 quidem
468 2519 674 2589 communes
700 2521 774 2569 esse
799 2513 948 2597 possunt
971 2497 1081 2599 plagis
1107 2514 1144 2574 et
1170 2499 1328 2602 populis3
1354 2527 1409 2576 ao-

296 2613 375 2686 ciali
398 2634 483 2687 vero
508 2605 648 2687 foedere
665 2618 873 2715 conjunctae
891 2617 1033 2689 nonnisi
1048 2617 1087 2688 in
1104 2615 1186 2692 Solo
1208 2617 1408 2712 Insubrico,

296 2743 333 2802 et
356 2757 377 2802 a
401 2731 522 2835 paucis
547 2746 687 2806 tantum
710 2732 891 2806 decenniis
917 2747 1130 2832 occurrunt,
1146 2734 1278 2836 talique
1303 2750 1408 2837 pacto

294 2846 420 2922 huicce
445 2847 576 2922 climati
600 2863 813 2950 potestatem
848 2852 1101 2950 coraciliarunt,
1125 2855 1289 2955 propriae
1315 2853 1407 2928 cladi

295 2965 543 3064 producendae
572 2965 746 3043 idoneam.
770 3009 823 3030 -·
845 2970 1019 3046 Universa
1056 2974 1094 3046 in
1132 2971 1237 3046 rebus
1270 2973 1409 3069 dubiis,

297 3095 334 3155 et
357 3085 491 3183 magaria
521 3085 787 3163 difficultatibus
818 3089 985 3166 involutis
1019 3090 1138 3193 plures
1174 3119 1295 3166 causas
1326 3119 1409 3193 pro·

296 3201 387 3276 ferre
411 3227 485 3277 non
509 3203 744 3304 incongruum
775 3221 848 3305 est,
879 3209 993 3284 donec
1023 3236 1066 3284 cx
1095 3209 1218 3284 multis
1251 3237 1320 3283 nna
1346 3211 1411 3284 ha·

296 3319 442 3417 beatur,
466 3322 536 3395 cui
549 3347 649 3395 mens
674 3325 829 3398 veritatis
854 3325 957 3400 avida
993 3327 1208 3429 acquiescat3
1242 3353 1346 3425 nam,
1370 3341 1411 3400 ut

297 3455 392 3514 tecte
418 3453 540 3515 monet
564 3443 762 3516 Lucuarrus
788 3441 894 3534 (Lib.
919 3445 982 3518 vt
998 3451 1027 3541 ),

312 3561 315 3569 ’
346 3556 441 3630 Sunt
455 3557 593 3658 aliquot
607 3583 749 3661 quoque
765 3585 839 3651 rus,
855 3585 1007 3662 quonam
1019 3575 1129 3636 ίιιιαιη
1146 3565 1257 3638 dicere
1267 3589 1410 3638 emnam

347 3670 438 3744 Non
457 3677 544 3745 satis
565 3689 637 3765 eat5
658 3701 774 3748 venam
789 3677 931 3778 plures,
954 3679 1048 3752 wide
1072 3705 1146 3752 uno
1168 3695 1286 3756 tuanen
1298 3682 1360 3776 fit

347 3787 527 3883 Potiores,
557 3815 648 3890 quae
682 3791 857 3892 pellagrae
892 3793 1036 3896 culpam
1071 3823 1190 3896 gerere
1225 3800 1412 3892 videntur,

297 3931 420 3980 causas
445 3909 671 4008 reponimusa
706 3914 745 3982 in
779 3910 1005 4002 molanum,
1029 3913 1274 4017 usucapionem
1301 3913 1413 3988 huon·

251 4100 253 4106 ,
296 4023 344 4096 da
354 4077 369 4113 ,
394 4021 562 4098 mbram-m
573 4075 588 4116 ,
612 4039 648 4099 et
670 4025 875 4129 mephitim,
899 4035 1046 4132 ejusque
1069 4029 1271 4132 effectibus,
1301 4037 1339 4106 in
1363 4036 1432 4118 ei-¹

184 4227 189 4234 ¹
297 4145 399 4217 maedi
420 4149 557 4220 ratione
576 4171 712 4248 pruna,
736 4162 771 4220 et
794 4153 930 4222 uziaen‘a
954 4155 1014 4223 ua·
1036 4157 1181 4250 gener-ia.
1205 4151 1413 4228 Insolationi

297 4264 434 4340 nullam
459 4266 564 4342 aliam
590 4267 777 4342 tribuimus
803 4271 892 4366 vim,
917 4297 1026 4374 quam
1055 4299 1145 4374 ‹paae
1176 4275 1283 4349 statui
1312 4297 1413 4350 caco-

298 4381 517 4500 dermatico,
541 4411 607 4460 ceu
635 4384 748 4462 morbi
768 4385 937 4488 fiamine,
971 4389 1202 4491 producendo
1237 4418 1302 4492 par
1337 4407 1413 4488 esta

297 4499 598 4606 reliquae-contra
624 4507 825 4610 specificam
854 4506 953 4582 illam
984 4509 1183 4610 systematis
1221 4509 1412 4614 reproduo·
