3228 5166
173 348 375 427 ‘160

318 469 417 542 ¹llnte
441 471 557 564 munia
583 497 667 546 rem
692 471 737 545 ad
761 495 943 572 aegromm
967 453 1077 546 lectos
1102 469 1288 572 explanare
1312 469 1434 546 stude·

257 657 264 666 ,
324 609 403 659 mus
420 589 647 662 usdrhmiones
669 587 940 691 thercpersticcs,
965 615 1113 689 qrrarum
1131 587 1269 688 regulae
1286 597 1323 662 et
1337 613 1436 688 prac-

324 719 426 804 cepta
451 709 632 808 propriam
656 709 875 781 constituunt
899 708 1078 780 doctrinae
1102 705 1258 778 medicae
1274 717 1436 806 partem,

324 849 344 896 a
380 828 563 902 neotericis
597 821 885 924 Ictmusiologr'oc
916 834 932 920 ’(
947 850 1103 924 ιιτριυω,
1135 825 1299 921 medeor,
1329 826 1436 918 λόγος

323 941 511 1034 doctrina)
541 947 683 1019 nomine
718 946 913 1044 insignitur.
944 977 961 1008 a
985 943 1104 1018 Prima
1134 969 1280 1044 praxeos
1306 942 1433 1016 lunda·
1476 939 1480 946 ’

323 1093 341 1126 a
365 1077 503 1158 menta,
527 1065 642 1164 inquit
664 1063 877 1158 Bacurius,
911 1077 995 1134 sunt
1020 1061 1271 1156 indicationes,
1288 1107 1289 1111 =
1305 1057 1433 1160 quibus

323 1211 341 1244 n
362 1177 510 1254 detectis
534 1179 686 1252 remedia
712 1179 875 1254 facilhmc
900 1178 1158 1278 depromuntur
1191 1201 1212 1250 e
1236 1167 1433 1250 medicinae

323 1331 341 1366 s
363 1323 478 1400 penu,
501 1301 564 1372 etsi
591 1299 677 1400 quid
701 1300 826 1399 majori
851 1299 1067 1370 correctione
1101 1295 1234 1396 indiget
1270 1297 1309 1368 in
1332 1295 1432 1396 praxi

323 1449 342 1484 n
364 1415 522 1509 medica,
552 1421 628 1516 jure
662 1418 788 1488 merito
816 1427 900 1486 sunt
937 1415 1032 1513 ipsae
1067 1412 1317 1509 indicationes,
1340 1437 1432 1514 quae

323 1567 342 1600 s
359 1531 458 1606 l'alsis
482 1557 586 1634 saepe
611 1535 749 1606 innixae
773 1531 1052 1633 hypothesibus,
1076 1529 1123 1603 ad
1147 1530 1354 1603 damnosam
1369 1528 1434 1603 du-

321 1683 346 1718 s
364 1663 450 1722 cunt
474 1649 679 1752 tlrerapiam.
697 1686 713 1718 n
737 1651 905 1750 Princeps
929 1649 1102 1722 medentis
1127 1673 1255 1748 scopus
1281 1673 1356 1720 esse
1373 1647 1434 1720 dc·

325 1767 406 1865 bet,
440 1773 612 1870 precisam
645 1767 850 1870 acquirendi
887 1770 1124 1869 cognitionem
1159 1769 1318 1841 omnium
1350 1766 1429 1840 illa·

324 1915 407 1966 rum
424 1893 681 1988 mutationum,
705 1917 791 1992 quas
817 1893 853 1964 in
878 1891 1078 1989 organismo
1103 1912 1206 1988 aegro
1238 1909 1433 1988 provocare

321 2023 481 2109 oportet,
505 2025 546 2085 ut
569 2011 634 2084 iste
659 2012 837 2084 insanum
854 2023 1135 2102 converteretur,
1155 2021 1191 2080 ct
1207 2032 1297 2108 quae
1314 2007 1433 2084 denuo

322 2126 499 2199 nonnisie
521 2129 718 2227 cognitione
742 2142 888 2201 naturae
912 2125 1049 2221 morbi,
1074 2139 1110 2200 et
1139 2112 1300 2200 rationali
1324 2149 1430 2204 noso-

322 2245 421 2340 gcnia
447 2243 700 2340 inclarescunt,
724 2239 848 2344 spretis
872 2243 1109 2344 sophistarum
1137 2241 1331 2317 insomniis.
1355 2240 1430 2318 No·

323 2359 493 2461 sazologia
518 2364 642 2462 igitur,
665 2377 771 2463 atque
794 2359 1057 2459 latreusiologia
1081 2361 1243 2433 scientias
1259 2357 1437 2463 praebent.

320 2477 388 2554 sibi
412 2507 432 2555 e
456 2476 628 2557 diametm
663 2485 862 2585 oppositas,
898 2481 956 2556 vel
989 2482 1020 2556 si
1051 2481 1168 2556 dicere
1191 2481 1297 2580 licet,
1321 2509 1430 2558 unam

312 2597 538 2701 'eandemque
572 2600 796 2694 doctrinam,
836 2599 925 2698 polis
962 2599 1108 2672 inversis
1147 2599 1430 2698 consideratam,

319 2729 492 2816 quatenm
527 2717 671 2792 morbus
705 2716 901 2791 secundum
936 2715 1060 2790 eadem
1084 2717 1277 2818 principia,
1300 2717 1429 2818 quibus

319 2833 607 2929 comtruebatur,
631 2835 764 2910 destrui
789 2834 904 2909 debet

367 2954 559 3056 Postquam
584 2954 741 3031 decisum
768 2955 891 3048 suerit,
914 2953 1001 3055 quid
1025 2955 1063 3028 in
1087 2953 1171 3028 dato
1195 2977 1278 3028 casu
1297 2953 1428 3030 lacien-

318 3072 406 3146 dum
430 3089 492 3147 aut
515 3076 751 3150 omittendum
775 3079 840 3172 sit,
863 3071 1140 3150 Jatrotactnices
1166 3076 1320 3174 aperitur
1336 3101 1428 3152 cam·

317 3215 395 3290 pus.
419 3189 661 3266 Deliberamus
685 3219 781 3268 nurrc
807 3196 898 3266 circa
922 3184 1062 3289 media,
1086 3191 1214 3294 quibus
1243 3215 1427 3294 processus

316 3307 507 3379 sanationis
531 3307 708 3382 introduci
731 3312 884 3410 poterit,
907 3337 989 3410 ergo
1014 3312 1106 3384 circa
1132 3311 1360 3409 methodum,
1385 3327 1426 3386 ut

318 3424 441 3521 ajunt,
476 3426 691 3522 curativum,
724 3441 761 3499 et
794 3426 951 3526 singula,
980 3429 1126 3528 quaesi
1152 3429 1427 3531 correspondent

316 3537 490 3640 praesidia
527 3567 547 3613 e
584 3537 685 3615 variis
721 3541 805 3616 soris
839 3545 1068 3645 deprompta,
1099 3561 1205 3648 atque
1228 3548 1425 3623 evertendis

316 3655 569 3732 mutationibus
594 3658 767 3733 morbosis
792 3661 949 3762 adprime
974 3660 1112 3740 idonea.

365 3773 408 3878 In
432 3773 569 3848 delectu
581 3773 852 3878 pheresaeorum
869 3776 1095 3880 praeferimus
1112 3783 1320 3880 vernacula,
1343 3784 1426 3860 sim·

315 3888 441 3992 plicia,
464 3908 587 3992 paratu
614 3894 748 3992 facilia,
782 3923 872 3998 quae
902 3923 984 3971 cum
1008 3899 1123 3974 viliori
1148 3904 1262 4002 pretio
1286 3903 1424 3976 deside·

314 4021 427 4082 ratam
464 4009 632 4110 copulant
665 4012 874 4110 efficaciam,
903 4017 1042 4091 annosis
1067 4021 1287 4119 experientiis
1311 4020 1423 4096 medi·

313 4150 437 4200 corum
461 4127 732 4204 corroboratam.
749 4130 876 4206 Nostra
893 4159 1005 4232 penus
1022 4135 1316 4213 medicamentum
1335 4139 1424 4214 adeo

235 4300 239 4309 .
313 4243 573 4344 circumscripta
609 4260 682 4341 est,
706 4260 767 4343 ut,
790 4263 929 4349 praeter
944 4247 1139 4351 althaeum,
1162 4254 1252 4330 sales
1268 4255 1425 4352 medios,

311 4357 462 4458 herbas,
487 4376 523 4434 et
547 4377 700 4438 extracta
735 4391 874 4464 amara,
904 4367 1132 4467 sambucum,
1157 4371 1425 4468 dulcamaram,

311 4499 478 4572 sennam,
506 4477 654 4582 rheam,
684 4482 845 4584 oxymel,
877 4485 1061 4586 squillam,
1092 4491 1336 4589 caratharidcs,
1358 4494 1421 4566 sti·
