3228 5166
238 293 375 418 's

323 443 455 518 delient
477 439 697 518 mediocrum
722 441 912 520 ratiocinia.
928 441 992 520 Ast
1008 441 1114 518 etiam
1136 445 1173 518 in
1195 443 1306 518 hocce
1327 467 1433 545 opere

322 563 475 638 maxima
516 560 828 662 circumspectione
874 560 1148 661 procedendum.
1188 563 1432 664 Philosophari

321 677 468 781 quidem
492 703 634 752 necesse
658 703 700 752 ae
724 674 874 778 perutile
898 703 974 750 osse
999 679 1125 777 credo3
1141 680 1203 756 sed
1219 707 1302 754 cum
1318 681 1434 783 Neop-

318 795 454 871 totemo
478 793 561 892 iiio,
589 795 736 896 paucis,
766 819 812 870 ne
849 793 1102 896 hypothesium
1139 797 1434 874 blandimentisa

162 899 166 915 ’
319 920 415 1017 {usto
439 913 584 988 neonis
609 913 749 988 tramite
761 911 1043 1014 detorqueamor.
1060 915 1174 988 Verus
1192 917 1308 1017 itaque
1325 919 1431 992 Prae·

321 1030 413 1106 tieus
446 1043 544 1106 totus
577 1055 745 1130 operosus
769 1053 845 1102 esse
870 1027 999 1127 dehet,
1023 1043 1060 1104 et
1083 1047 1222 1128 mente,
1253 1047 1289 1108 ot
1323 1059 1431 1107 marro

320 1149 477 1230 Naturane
499 1147 632 1222 librom
655 1147 867 1244 consulens,
890 1161 931 1222 ut
955 1149 1081 1223 exinde
1104 1151 1150 1224 ad
1166 1152 1341 1250 agendum
1357 1179 1431 1228 non

319 1269 462 1364 minue,
485 1293 593 1368 quam
617 1265 665 1340 ad
695 1265 890 1342 dicendum
923 1281 1029 1366 atque
1066 1259 1267 1346 docendum
1300 1270 1430 1342 imtra-

320 1387 413 1461 etior
435 1399 471 1458 et
495 1386 650 1486 paratior
682 1409 758 1459 esse
795 1381 921 1460 valeat
946 1384 1099 1460 Theona
1127 1399 1165 1460 ot
1193 1387 1341 1482 Prasia,
1363 1387 1430 1462 hae

319 1502 423 1578 binae
448 1502 687 1578 doctrinarum
724 1501 942 1580 mediorum
975 1503 1159 1598 rectrices,
1192 1503 1428 1578 simultatibus

318 1621 500 1722 sepositis,
523 1621 701 1695 sincerum
725 1622 818 1694 inter
840 1647 879 1694 se
903 1621 1024 1695 ineant
1054 1621 1206 1720 foedus,
1238 1637 1276 1698 et
1302 1625 1429 1702 sociate

317 1761 363 1812 ex
386 1763 501 1837 aequo
523 1737 681 1837 regimen
704 1749 898 1812 exerceant

315 1901 319 1912 ι
369 1857 479 1931 Casta
498 1857 696 1934 observatio
720 1856 767 1931 ad
790 1856 901 1948 lectop
925 1883 1109 1958 aegrorum
1130 1860 1275 1961 quidem
1290 1887 1429 1963 semper

317 1987 356 2048 et
378 1973 509 2076 ubique
533 1975 760 2076 purissimum
784 1973 930 2075 largitur
954 1977 1195 2074 cognationum
1211 1977 1429 2056 modicarum

317 2091 470 2188 mntem,
485 2091 729 2194 tutissimeque
744 2092 945 2194 suppeditat
956 2091 1150 2190 elementa,
1165 2093 1293 2196 quihus
1310 2123 1430 2198 super-

318 2223 458 2284 struere
487 2211 692 2307 ratiocinia,
726 2223 768 2284 ut
800 2207 913 2284 moles
936 2235 1001 2311 per
1022 2237 1062 2283 se
1087 2211 1184 2286 rudis
1208 2213 1246 2286 in
1269 2211 1427 2314 philoso-

316 2325 460 2428 phicam
484 2327 676 2402 efflorescat
699 2327 904 2422 scientim
927 2367 979 2384 -
1001 2327 1040 2400 iu
1064 2327 1140 2428 ipsa
1165 2355 1250 2404 vero
1275 2330 1427 2406 theona

317 2469 396 2524 mm
410 2445 671 2518 constructione
686 2442 803 2525 solum
817 2428 986 2543 naturae,
1009 2458 1083 2518 tam
1099 2443 1296 2544 humanae,
1319 2474 1428 2548 quam

314 2561 520 2658 universae,
544 2562 701 2646 studium
724 2587 861 2644 sacram
884 2561 1032 2662 praebet
1047 2587 1223 2637 ancoram.
1239 2563 1317 2638 Nisi
1332 2565 1429 2666 Phy-

314 2677 459 2778 siologia
494 2679 569 2752 iaoe
604 2693 747 2781 praeeat
770 2679 948 2776 benefica,
984 2679 1203 2767 theoremata
1237 2696 1275 2756 et
1302 2709 1426 2768 ennae.

315 2795 426 2879 staria
449 2820 588 2898 semper
612 2795 699 2896 quid
723 2793 904 2895 ambigui,
927 2821 969 2869 ae
991 2795 1091 2870 dubii
1107 2796 1299 2884 habebunt
1315 2801 1426 2900 Leges

314 2919 408 2994 vitae
442 2943 560 2993 sanae·
582 2917 778 2998 raecesmno
812 2931 849 2992 et
882 2941 1025 2992 normas
1049 2943 1116 3019 pro
1141 2919 1214 2992 rita
1238 2921 1427 3020 anomala,

314 3036 389 3112 sive
412 3035 575 3112 morbosa
601 3035 786 3132 exhihere,
810 3035 931 3137 eequis
955 3059 1029 3108 non
1053 3037 1264 3137 perspiciet?
1288 3037 1427 3137 Humc,

314 3156 377 3255 qui
391 3156 500 3230 totius
512 3156 667 3235 universi
682 3153 892 3256 particulam
903 3153 1106 3251 constituit,
1123 3155 1189 3229 etsi
1200 3155 1427 3256 perexiguam

314 3285 454 3346 uncum
466 3327 476 3368 ,
490 3272 616 3347 iisdem
631 3271 847 3372 gubernatur
861 3297 903 3345 ee
919 3273 958 3346 in
974 3285 1157 3346 aeternum
1173 3271 1426 3372 guhemahitur

313 3385 475 3488 legibus,
498 3413 589 3489 quae
614 3390 846 3472 macrocosmi
871 3389 1092 3470 existentiam
1120 3403 1275 3466 tuentur.
1303 3392 1425 3484 Quam

313 3507 362 3586 eb
386 3535 462 3586 rem
485 3511 663 3588 motarum
685 3511 898 3612 perscrutari
921 3509 1196 3614 tentabitportis
1211 3511 1424 3615 phoenome-

166 3714 170 3722 Ι
313 3621 381 3725 na,
402 3627 466 3729 qui
488 3627 587 3731 prius
602 3653 676 3701 non
692 3630 896 3730 cognoverit
911 3643 1076 3714 naturam
1091 3634 1222 3730 meua,
1246 3629 1423 3733 hujusque

312 3745 361 3822 ad
383 3745 481 3820 illam
504 3745 715 3826 acconen

362 3863 399 3938 si
423 3889 549 3938 verum
572 3877 646 3962 est,
669 3863 767 3966 quod
785 3869 899 3967 pam}
922 3870 1086 3970 umjons,
1109 3865 1168 3942 rel
1183 3865 1340 3969 plurium
1356 3869 1425 3952 sal·

307 3995 386 4056 tem
409 3982 614 4083 portionum
638 3983 676 4056 in
700 3997 865 4058 eonemta
888 3985 1024 4064 unitate
1049 3985 1352 4070 consideratarum
1366 3989 1422 4062 in·

310 4100 423 4174 tuitus
456 4089 692 4196 faciliores,
714 4141 766 4170 -π
789 4101 888 4204 quod
918 4102 1190 4204 phoenomena,
1213 4129 1286 4206 quo
1311 4106 1421 4204 mapa

310 4216 520 4293 universalia
544 4215 735 4318 adparent,
758 4245 803 4296 eo
828 4221 938 4296 tutius
962 4221 1008 4298 ad
1032 4223 1270 4324 cognitionem
1294 4249 1419 4300 musae

302 4333 478 4434 vgeneralis
502 4335 724 4432 carducum,
747 4349 852 4440 atque
877 4341 1094 4442 reoiprocam
1113 4345 1228 4443 pasus
1244 4367 1327 4420 cum
1344 4354 1418 4416 toto

310 4453 531 4540 huncum
554 4455 593 4532 iu
617 4455 742 4560 spatio¹
755 4469 792 4534 et
810 4471 975 4562 tempore
1000 4471 1099 4538 unte
1124 4458 1281 4540 munus
1296 4483 1418 4536 eruere
