3252 5166
1232 359 1243 405 r
1277 330 1299 403 5

199 443 279 518 cula
303 442 541 548 depascente,
564 443 623 518 cui
653 468 673 516 a
708 427 908 516 sublucanis
942 443 1128 523 sudoribus
1161 359 1302 525 nalldm

189 560 362 636 levamen.
387 561 584 636 Dccoctnm
608 558 736 634 radicis
760 558 928 634 Althaeae
952 575 989 637 et
1020 563 1150 639 herbae
1186 566 1318 662 Mitte,

190 679 267 756 lolii
294 707 361 782 pro
391 697 458 754 usu
479 679 660 775 hatemo,
689 692 727 752 et
756 673 977 779 unguentum
1006 680 1213 758 memoriale
1237 709 1304 784 pro

190 796 440 894 frictionibus,
476 801 572 898 juxta
606 796 1081 896 perinaenmiustituendis,
1107 797 1304 875 celerrimus.

190 917 257 992 Die
284 916 341 989 28.
366 939 457 1014 genn
482 913 663 988 sinistrum
688 903 890 988 intumescit
919 939 962 988 ac
996 915 1120 1014 dolet,
1153 919 1305 1020 parique

90 1057 94 1069 ’
192 1048 353 1134 tempore
376 1031 463 1105 leuis
480 1031 658 1111 invenus
683 1030 975 1108 animadvertitur
998 1029 1181 1110 fluctuatio
1191 1081 1207 1133 ,-
1217 1037 1306 1138 quin

166 1151 250 1225 ¹ael
273 1151 457 1226 minimam
482 1149 633 1226 recentis
657 1149 741 1224 mali
766 1175 909 1228 causam
932 1177 1055 1233 cruere
1076 1158 1306 1258 potuerimus.

193 1272 367 1347 Gononco
391 1294 510 1345 sercso
534 1269 648 1343 indies
673 1269 870 1367 crescenti,
898 1296 1047 1380 eamque
1071 1275 1224 1385 speciem
1249 1299 1305 1349 re·

195 1390 348 1487 ferenti,
372 1415 481 1493 quam
505 1387 659 1488 chirurgi
683 1389 856 1471 tumorum
877 1387 999 1466 albam
1022 1393 1228 1490 nominant,
1248 1419 1307 1470 ve·

107 1587 112 1598 ,
194 1507 385 1584 ricantibus
411 1505 458 1586 ad
481 1505 590 1584 latera
615 1505 765 1609 patellae
790 1507 964 1610 adplicitis
998 1507 1132 1584 mederi
1166 1511 1306 1586 curari·

143 1652 148 1660 ·
195 1651 298 1723 mus,
323 1637 359 1703 et
382 1623 543 1725 prolecto
566 1623 662 1702 intra
695 1625 826 1698 mensis
859 1625 1015 1726 spatium
1048 1627 1306 1730 resorptionem

196 1734 308 1816 laticis
333 1741 441 1819 cerosi
465 1741 504 1821 iu
532 1741 666 1841 vaginis
699 1741 911 1840 tendinum,
945 1757 982 1818 et
1016 1755 1114 1820 textu
1138 1743 1308 1822 celluloso

195 1862 298 1935 effusi
322 1859 566 1957 obtinuimus,
589 1855 838 1963 tumidumque
862 1888 954 1963 genn
985 1861 1031 1940 ad
1061 1889 1228 1942 normam
1251 1887 1309 1940 re·

194 1977 368 2052 duximus.
393 1976 446 2061 Ut
469 2001 557 2052 vero
580 1977 687 2050 simul
709 1991 746 2052 et
765 1978 1148 2082 hydropicaediathesi
1163 1982 1309 2086 obviam

194 2121 343 2194 canam,
366 2110 403 2171 et
426 2094 570 2198 quidem
594 2097 800 2197 praesertim
823 2095 1095 2200 lurdruooelr’ca,
1124 2106 1224 2202 cnjus
1249 2101 1307 2176 in·

195 2215 341 2290 dubiam
365 2213 472 2289 fidem
497 2214 581 2288 lecit
604 2212 849 2293 undulatorius
873 2217 1007 2290 ,ventris
1036 2215 1207 2320 explorati
1231 2243 1308 2294 mc·

196 2343 280 2428 tus,
314 2344 454 2432 praeter
489 2329 677 2414 decoctum
713 2330 862 2406 herbae'
879 2331 1051 2408 Millefclii
1085 2333 1250 2435 pulveres
1287 2358 1310 2410 e

195 2447 313 2524 radice
338 2446 491 2550 Squillae
516 2448 666 2522 recentis
683 2459 720 2522 et
736 2447 902 2531 Cremcre
923 2452 1045 2534 tartari
1061 2449 1312 2528 ordinavimus.

196 2569 277 2643 alam
302 2567 435 2642 ultimis
460 2565 585 2648 diebrn
608 2569 739 2650 mensis
764 2569 919 2643 Januarii
943 2571 1178 2646 redimentem
1204 2599 1312 2676 pum·

198 2689 335 2766 lentum
359 2685 545 2786 imminui,
568 2699 605 2762 et
629 2687 667 2772 in
691 2711 837 2770 mucum
863 2691 1021 2770 converti
1047 2691 1184 2792 coepit,
1200 2715 1309 2792 quare
1399 2695 1403 2702 '

198 2835 343 2884 omnem
366 2820 525 2886 nocuum
549 2831 671 2882 euram
687 2823 810 2884 cenna
827 2807 1027 2912 hydropem
1051 2812 1310 2910 convertimus,

199 2933 301 3031 cujus
325 2929 458 3030 genesis
483 2947 527 3002 cr
549 2927 743 3014 inveterata
768 2929 943 3004 viscerum
967 2928 1074 3027 labe,
1098 2927 1312 3024 adiutum

197 3047 451 3147 suppuratione
476 3045 522 3122 ed
552 3045 686 3124 collum
716 3048 881 3147 venene,
916 3073 982 3122 nec
1017 3073 1091 3124 non
1126 3055 1156 3122 e'
1180 3049 1311 3124 comite

199 3164 349 3238 diathcsi
377 3163 594 3238 rheumatica
628 3165 704 3240 sine
735 3165 877 3265 negotio
913 3167 1052 3268 concipi
1087 3166 1212 3268 potuit
1247 3167 1314 3240 Ast

200 3282 378 3357 maleficae
403 3283 513 3357 liniae
538 3280 700 3362 nondum
736 3283 1006 3387 acquiescebant
1039 3287 1075 3359 in
1112 3283 1313 3361 mcerrtihus

201 3402 340 3476 damnis
365 3400 557 3502 parandis,
580 3400 629 3476 ita
654 3415 697 3478 nt
719 3429 849 3503 aeger,
873 3402 970 3477 mille
1000 3403 1169 3478 continno
1184 3401 1312 3506 impli·
1410 3387 1413 3393 ’

201 3522 293 3595 citus
316 3517 504 3622 periculis,
528 3517 669 3606 dulcem
692 3522 883 3602 montionis
908 3547 1008 3624 spem
1033 3521 1204 3618 amiserit,
1219 3547 1316 3596 moe·

200 3651 277 3711 stus
302 3651 408 3738 atque
432 3635 730 3738 desperabundus.
755 3640 904 3714 Ineunte
929 3641 1060 3740 quippe
1089 3663 1211 3721 merare
1245 3639 1315 3714 Fe·

203 3755 347 3830 bruan'o
359 3807 375 3847 ,
400 3753 605 3856 etquidem
629 3755 747 3833 denuo
772 3757 903 3859 absque
923 3782 1032 3831 cauca
1058 3755 1240 3853 evidenti,
1269 3755 1317 3834 ad

203 3874 352 3949 eandem
377 3873 530 3947 thoracis
555 3871 715 3975 plagam,
734 3901 842 3976 quam
865 3899 995 3976 paucas
1019 3887 1101 3948 aute
1125 3873 1317 3949 hebdoma-

203 3993 266 4066 das
301 3989 493 4093 pleuralgia
528 3991 696 4090 tenebat,
730 4019 851 4068 recens
886 3995 1014 4070 emicat
1047 3989 1175 4087 dolor,
1209 4005 1317 4094 atque

204 4127 323 4188 tumor
347 4111 497 4187 obscure
521 4109 723 4209 fluctuans,
746 4107 877 4188 comite
901 4110 1016 4207 tussi,
1045 4123 1082 4184 et
1115 4111 1316 4210 sputamine

193 4215 341 4328 lurido,
366 4227 518 4326 foetido,
534 4227 764 4331 purulentum
779 4229 920 4308 laticem
937 4227 1091 4331 perfecte
1107 4223 1316 4306 aemulante.

199 4349 397 4423 Continuat
420 4348 562 4422 interim
587 4345 755 4424 febricula
781 4348 1068 4450 symptomatica,
1085 4347 1195 4422 immo
1220 4371 1316 4423 uovc

206 4461 315 4540 veluti
338 4479 493 4576 syrmate
519 4477 621 4554 aucta
645 4465 878 4567 increbescit3
902 4465 989 4552 bluc
1018 4463 1101 4550 iude
1136 4463 1316 4550 mamert
