<?xml version="1.0" encoding="UTF-8"?>
<!DOCTYPE html PUBLIC "-//W3C//DTD XHTML 1.0 Transitional//EN"
    "http://www.w3.org/TR/xhtml1/DTD/xhtml1-transitional.dtd">
<html xmlns="http://www.w3.org/1999/xhtml" xml:lang="en" lang="en">
 <head>
  <title>
</title>
<meta http-equiv="Content-Type" content="text/html;charset=utf-8" />
  <meta name='ocr-system' content='tesseract 3.04.00' />
  <meta name='ocr-capabilities' content='ocr_page ocr_carea ocr_par ocr_line ocrx_word'/>
</head>
<body>
  <div class='ocr_page' id='page_1' title='image "./annalesscholaec00hildgoog_0054.png"; bbox 0 0 3228 5166; ppageno 0'>
   <div class='ocr_carea' id='block_1_1' title="bbox 305 338 1442 2658">
    <p class='ocr_par' dir='ltr' id='par_1_1' title="bbox 305 338 1440 2326">
     <span class='ocr_line' id='line_1_1' title="bbox 327 338 375 416; baseline -0.125 0"><span class='ocrx_word' id='word_1_1' title='bbox 327 338 375 416; x_wconf 79' lang='lat'>32</span> 
     </span>
     <span class='ocr_line' id='line_1_2' title="bbox 326 449 1433 554; baseline -0.004 -28"><span class='ocrx_word' id='word_1_2' title='bbox 326 489 346 526; x_wconf 69' lang='lat' dir='ltr'>s</span> <span class='ocrx_word' id='word_1_3' title='bbox 367 451 521 530; x_wconf 73' lang='lat' dir='ltr'>aemulis</span> <span class='ocrx_word' id='word_1_4' title='bbox 545 451 774 528; x_wconf 82' lang='lat' dir='ltr'>tumultuarie</span> <span class='ocrx_word' id='word_1_5' title='bbox 798 477 839 526; x_wconf 90' lang='lat' dir='ltr'>ac</span> <span class='ocrx_word' id='word_1_6' title='bbox 863 454 1031 526; x_wconf 90' lang='lat' dir='ltr'>memoria</span> <span class='ocrx_word' id='word_1_7' title='bbox 1049 454 1189 554; x_wconf 84' lang='lat' dir='ltr'>potius,</span> <span class='ocrx_word' id='word_1_8' title='bbox 1204 477 1311 554; x_wconf 90' lang='lat' dir='ltr'>quam</span> <span class='ocrx_word' id='word_1_9' title='bbox 1327 449 1433 524; x_wconf 82' lang='lat' dir='ltr'>iutel-</span> 
     </span>
     <span class='ocr_line' id='line_1_3' title="bbox 326 569 1433 674; baseline -0.001 -33"><span class='ocrx_word' id='word_1_10' title='bbox 326 605 346 640; x_wconf 79' lang='grc' dir='ltr'>ι</span> <span class='ocrx_word' id='word_1_11' title='bbox 367 570 461 646; x_wconf 85' lang='lat' dir='ltr'>lectu</span> <span class='ocrx_word' id='word_1_12' title='bbox 486 571 751 674; x_wconf 85' lang='lat' dir='ltr'>acquisiverint,</span> <span class='ocrx_word' id='word_1_13' title='bbox 774 585 918 674; x_wconf 86' lang='lat' dir='ltr'>repente</span> <span class='ocrx_word' id='word_1_14' title='bbox 935 583 1040 672; x_wconf 82' lang='lat' dir='ltr'>atque</span> <span class='ocrx_word' id='word_1_15' title='bbox 1056 569 1257 646; x_wconf 88' lang='lat' dir='ltr'>inconsulto</span> <span class='ocrx_word' id='word_1_16' title='bbox 1273 569 1324 642; x_wconf 84' lang='lat' dir='ltr'>ad</span> <span class='ocrx_word' id='word_1_17' title='bbox 1340 569 1433 642; x_wconf 91' lang='lat' dir='ltr'>bano</span> 
     </span>
     <span class='ocr_line' id='line_1_4' title="bbox 326 689 1434 786; baseline 0.002 -27"><span class='ocrx_word' id='word_1_18' title='bbox 326 723 346 759; x_wconf 68' lang='lat' dir='ltr'>s</span> <span class='ocrx_word' id='word_1_19' title='bbox 367 705 480 766; x_wconf 88' lang='lat' dir='ltr'>artem</span> <span class='ocrx_word' id='word_1_20' title='bbox 503 689 733 766; x_wconf 75' lang='lat' dir='ltr'>exercendam</span> <span class='ocrx_word' id='word_1_21' title='bbox 757 715 796 764; x_wconf 91' lang='lat' dir='ltr'>se</span> <span class='ocrx_word' id='word_1_22' title='bbox 820 715 858 763; x_wconf 91' lang='lat' dir='ltr'>se</span> <span class='ocrx_word' id='word_1_23' title='bbox 893 689 1109 763; x_wconf 70' lang='lat' dir='ltr'>mansferunt</span> <span class='ocrx_word' id='word_1_24' title='bbox 1138 702 1239 763; x_wconf 85' lang='lat' dir='ltr'>tanto</span> <span class='ocrx_word' id='word_1_25' title='bbox 1272 701 1434 786; x_wconf 81' lang='lat' dir='ltr'>aegroto·</span> 
     </span>
     <span class='ocr_line' id='line_1_5' title="bbox 325 806 1368 912; baseline -0.003 -29"><span class='ocrx_word' id='word_1_26' title='bbox 325 835 448 883; x_wconf 78' lang='lat' dir='ltr'>erum</span> <span class='ocrx_word' id='word_1_27' title='bbox 472 807 626 904; x_wconf 67' lang='lat' dir='ltr'>murno,</span> <span class='ocrx_word' id='word_1_28' title='bbox 649 833 859 911; x_wconf 89' lang='lat' dir='ltr'>summoque</span> <span class='ocrx_word' id='word_1_29' title='bbox 884 809 1044 912; x_wconf 73' lang='lat' dir='ltr'>ejusdem</span> <span class='ocrx_word' id='word_1_30' title='bbox 1067 808 1163 882; x_wconf 83' lang='lat' dir='ltr'>Artis</span> <span class='ocrx_word' id='word_1_31' title='bbox 1187 806 1368 882; x_wconf 86' lang='lat' dir='ltr'>dedecore.</span> 
     </span>
     <span class='ocr_line' id='line_1_6' title="bbox 329 925 1435 1029; baseline 0.004 -35"><span class='ocrx_word' id='word_1_32' title='bbox 329 971 336 978; x_wconf 87' lang='lat'><strong>·</strong></span> <span class='ocrx_word' id='word_1_33' title='bbox 376 961 394 994; x_wconf 67' lang='grc' dir='ltr'>,ι</span> <span class='ocrx_word' id='word_1_34' title='bbox 418 925 660 1017; x_wconf 80' lang='lat' dir='ltr'><strong>Quamobrem</strong></span> <span class='ocrx_word' id='word_1_35' title='bbox 694 927 962 1029; x_wconf 87' lang='lat' dir='ltr'>praelaudatum</span> <span class='ocrx_word' id='word_1_36' title='bbox 1000 927 1197 1028; x_wconf 83' lang='lat' dir='ltr'>Physicum</span> <span class='ocrx_word' id='word_1_37' title='bbox 1235 926 1435 1000; x_wconf 86' lang='lat' dir='ltr'>Johannem</span> 
     </span>
     <span class='ocr_line' id='line_1_7' title="bbox 327 1043 1436 1146; baseline 0.001 -32"><span class='ocrx_word' id='word_1_38' title='bbox 327 1079 346 1114; x_wconf 77' lang='grc' dir='ltr'><strong>ι</strong></span> <span class='ocrx_word' id='word_1_39' title='bbox 367 1045 563 1146; x_wconf 84' lang='lat' dir='ltr'>Baptistaru</span> <span class='ocrx_word' id='word_1_40' title='bbox 587 1047 730 1120; x_wconf 76' lang='lat' dir='ltr'>Crasso</span> <span class='ocrx_word' id='word_1_41' title='bbox 743 1045 1035 1120; x_wconf 89' lang='lat' dir='ltr'>inProl&#39;essorem</span> <span class='ocrx_word' id='word_1_42' title='bbox 1048 1043 1244 1118; x_wconf 78' lang='lat' dir='ltr'>Medicinae</span> <span class='ocrx_word' id='word_1_43' title='bbox 1259 1043 1436 1144; x_wconf 76' lang='lat' dir='ltr'>practicae</span> 
     </span>
     <span class='ocr_line' id='line_1_8' title="bbox 326 1162 1435 1263; baseline 0.004 -33"><span class='ocrx_word' id='word_1_44' title='bbox 326 1162 565 1238; x_wconf 74' lang='lat' dir='ltr'>»ordinariae</span> <span class='ocrx_word' id='word_1_45' title='bbox 589 1164 628 1236; x_wconf 92' lang='lat' dir='ltr'>in</span> <span class='ocrx_word' id='word_1_46' title='bbox 652 1165 734 1263; x_wconf 76' lang='lat' dir='ltr'>neg.</span> <span class='ocrx_word' id='word_1_47' title='bbox 760 1162 940 1237; x_wconf 87' lang='lat' dir='ltr'>Ticinensi</span> <span class='ocrx_word' id='word_1_48' title='bbox 963 1163 1204 1238; x_wconf 86' lang='lat' dir='ltr'>Universitate</span> <span class='ocrx_word' id='word_1_49' title='bbox 1217 1217 1227 1258; x_wconf 91' lang='lat'>‚</span> <span class='ocrx_word' id='word_1_50' title='bbox 1242 1187 1347 1236; x_wconf 76' lang='lat' dir='ltr'>arurae</span> <span class='ocrx_word' id='word_1_51' title='bbox 1369 1179 1435 1234; x_wconf 89' lang='lat' dir='ltr'>no·</span> 
     </span>
     <span class='ocr_line' id='line_1_9' title="bbox 326 1276 1438 1377; baseline 0.001 -26"><span class='ocrx_word' id='word_1_52' title='bbox 326 1313 346 1348; x_wconf 75' lang='lat' dir='ltr'>s</span> <span class='ocrx_word' id='word_1_53' title='bbox 367 1293 460 1374; x_wconf 84' lang='lat' dir='ltr'>strae</span> <span class='ocrx_word' id='word_1_54' title='bbox 485 1281 691 1377; x_wconf 85' lang='lat' dir='ltr'>commissa,</span> <span class='ocrx_word' id='word_1_55' title='bbox 722 1283 871 1355; x_wconf 82' lang='lat' dir='ltr'>Senatus</span> <span class='ocrx_word' id='word_1_56' title='bbox 895 1283 1048 1356; x_wconf 87' lang='lat' dir='ltr'>Deoroto</span> <span class='ocrx_word' id='word_1_57' title='bbox 1077 1282 1125 1358; x_wconf 92' lang='lat' dir='ltr'>ad</span> <span class='ocrx_word' id='word_1_58' title='bbox 1155 1282 1346 1356; x_wconf 73' lang='lat' dir='ltr'>triennium</span> <span class='ocrx_word' id='word_1_59' title='bbox 1376 1276 1438 1353; x_wconf 67' lang='lat' dir='ltr'>eli«</span> 
     </span>
     <span class='ocr_line' id='line_1_10' title="bbox 305 1391 1437 1500; baseline -0.008 -24"><span class='ocrx_word' id='word_1_60' title='bbox 305 1429 346 1470; x_wconf 64' lang='grc' dir='ltr'>,κ</span> <span class='ocrx_word' id='word_1_61' title='bbox 369 1397 499 1495; x_wconf 73' lang='lat' dir='ltr'>gilbus,</span> <span class='ocrx_word' id='word_1_62' title='bbox 523 1424 642 1476; x_wconf 84' lang='lat' dir='ltr'>annuo</span> <span class='ocrx_word' id='word_1_63' title='bbox 666 1397 782 1474; x_wconf 88' lang='lat' dir='ltr'>eidem</span> <span class='ocrx_word' id='word_1_64' title='bbox 805 1397 981 1500; x_wconf 88' lang='lat' dir='ltr'>stipendio</span> <span class='ocrx_word' id='word_1_65' title='bbox 1005 1391 1267 1500; x_wconf 79' lang='lat' dir='ltr'>quamprimum</span> <span class='ocrx_word' id='word_1_66' title='bbox 1287 1396 1437 1472; x_wconf 89' lang='lat' dir='ltr'>aNobis</span> 
     </span>
     <span class='ocr_line' id='line_1_11' title="bbox 326 1513 1437 1615; baseline 0.002 -29"><span class='ocrx_word' id='word_1_67' title='bbox 326 1547 346 1586; x_wconf 70' lang='lat' dir='ltr'>a</span> <span class='ocrx_word' id='word_1_68' title='bbox 369 1515 605 1615; x_wconf 64' lang='lat' dir='ltr'>adsignandoq</span> <span class='ocrx_word' id='word_1_69' title='bbox 627 1517 724 1590; x_wconf 86' lang='lat' dir='ltr'>Eum</span> <span class='ocrx_word' id='word_1_70' title='bbox 747 1517 844 1592; x_wconf 86' lang='lat' dir='ltr'>hisee</span> <span class='ocrx_word' id='word_1_71' title='bbox 868 1516 992 1592; x_wconf 82' lang='lat' dir='ltr'>litteris</span> <span class='ocrx_word' id='word_1_72' title='bbox 1018 1541 1061 1590; x_wconf 85' lang='lat' dir='ltr'>ex</span> <span class='ocrx_word' id='word_1_73' title='bbox 1085 1518 1232 1590; x_wconf 89' lang='lat' dir='ltr'>Senatus</span> <span class='ocrx_word' id='word_1_74' title='bbox 1264 1513 1437 1591; x_wconf 76' lang='lat' dir='ltr'>Consulto</span> 
     </span>
     <span class='ocr_line' id='line_1_12' title="bbox 327 1633 1439 1734; baseline 0.002 -30"><span class='ocrx_word' id='word_1_75' title='bbox 327 1665 347 1704; x_wconf 70' lang='lat' dir='ltr'>a</span> <span class='ocrx_word' id='word_1_76' title='bbox 369 1633 586 1714; x_wconf 83' lang='lat' dir='ltr'>conairumtis</span> <span class='ocrx_word' id='word_1_77' title='bbox 612 1659 705 1709; x_wconf 90' lang='lat' dir='ltr'>nova</span> <span class='ocrx_word' id='word_1_78' title='bbox 729 1634 796 1708; x_wconf 91' lang='lat' dir='ltr'>hac</span> <span class='ocrx_word' id='word_1_79' title='bbox 821 1634 989 1734; x_wconf 81' lang='lat' dir='ltr'>dignitate</span> <span class='ocrx_word' id='word_1_80' title='bbox 1014 1647 1158 1708; x_wconf 88' lang='lat' dir='ltr'>auctum</span> <span class='ocrx_word' id='word_1_81' title='bbox 1180 1635 1439 1728; x_wconf 83' lang='lat' dir='ltr'>renuntiamus,</span> 
     </span>
     <span class='ocr_line' id='line_1_13' title="bbox 328 1751 1438 1854; baseline -0.011 -24"><span class='ocrx_word' id='word_1_82' title='bbox 328 1785 348 1830; x_wconf 74' lang='lat' dir='ltr'>r</span> <span class='ocrx_word' id='word_1_83' title='bbox 370 1753 557 1854; x_wconf 87' lang='lat' dir='ltr'>ipsumque</span> <span class='ocrx_word' id='word_1_84' title='bbox 579 1752 705 1828; x_wconf 85' lang='lat' dir='ltr'>lisdem</span> <span class='ocrx_word' id='word_1_85' title='bbox 729 1751 944 1852; x_wconf 83' lang='lat' dir='ltr'>bonoribus„</span> <span class='ocrx_word' id='word_1_86' title='bbox 967 1751 1270 1848; x_wconf 81' lang='lat' dir='ltr'>immunitatibus,</span> <span class='ocrx_word' id='word_1_87' title='bbox 1299 1777 1340 1824; x_wconf 90' lang='lat' dir='ltr'>ac</span> <span class='ocrx_word' id='word_1_88' title='bbox 1365 1752 1438 1850; x_wconf 72' lang='lat' dir='ltr'>pri.</span> 
     </span>
     <span class='ocr_line' id='line_1_14' title="bbox 308 1865 1440 1971; baseline -0.002 -29"><span class='ocrx_word' id='word_1_89' title='bbox 308 1901 348 1936; x_wconf 69' lang='lat' dir='ltr'>⁴a</span> <span class='ocrx_word' id='word_1_90' title='bbox 370 1865 523 1968; x_wconf 65' lang='lat' dir='ltr'>vileffl&#39;is,</span> <span class='ocrx_word' id='word_1_91' title='bbox 546 1869 675 1971; x_wconf 83' lang='lat' dir='ltr'>quibua</span> <span class='ocrx_word' id='word_1_92' title='bbox 699 1870 946 1950; x_wconf 79' lang='lat' dir='ltr'>Antecessorea</span> <span class='ocrx_word' id='word_1_93' title='bbox 969 1870 1026 1943; x_wconf 86' lang='lat' dir='ltr'>sui</span> <span class='ocrx_word' id='word_1_94' title='bbox 1048 1871 1088 1942; x_wconf 92' lang='lat' dir='ltr'>in</span> <span class='ocrx_word' id='word_1_95' title='bbox 1103 1869 1172 1944; x_wconf 87' lang='lat' dir='ltr'>boe</span> <span class='ocrx_word' id='word_1_96' title='bbox 1185 1894 1331 1952; x_wconf 88' lang='lat' dir='ltr'>munere</span> <span class='ocrx_word' id='word_1_97' title='bbox 1349 1867 1440 1940; x_wconf 78' lang='lat' dir='ltr'>frue-</span> 
     </span>
     <span class='ocr_line' id='line_1_15' title="bbox 328 1983 1440 2090; baseline 0.001 -31"><span class='ocrx_word' id='word_1_98' title='bbox 328 2018 349 2083; x_wconf 72' lang='lat' dir='ltr'>e</span> <span class='ocrx_word' id='word_1_99' title='bbox 370 1983 521 2085; x_wconf 90' lang='lat' dir='ltr'>bantur,</span> <span class='ocrx_word' id='word_1_100' title='bbox 544 1987 772 2064; x_wconf 86' lang='lat' dir='ltr'>libentissime</span> <span class='ocrx_word' id='word_1_101' title='bbox 797 1987 1028 2064; x_wconf 79' lang='lat' dir='ltr'>cumulemus.</span> <span class='ocrx_word' id='word_1_102' title='bbox 1044 1989 1088 2062; x_wconf 86' lang='lat' dir='ltr'>ln</span> <span class='ocrx_word' id='word_1_103' title='bbox 1111 2015 1265 2090; x_wconf 79' lang='lat' dir='ltr'>quonam</span> <span class='ocrx_word' id='word_1_104' title='bbox 1280 1987 1440 2064; x_wconf 89' lang='lat' dir='ltr'>omnium</span> 
     </span>
     <span class='ocr_line' id='line_1_16' title="bbox 328 2107 1439 2211; baseline -0.001 -35"><span class='ocrx_word' id='word_1_105' title='bbox 328 2139 348 2176; x_wconf 67' lang='lat' dir='ltr'>a</span> <span class='ocrx_word' id='word_1_106' title='bbox 370 2107 612 2182; x_wconf 83' lang='lat' dir='ltr'>testimonium</span> <span class='ocrx_word' id='word_1_107' title='bbox 636 2121 837 2210; x_wconf 80' lang='lat' dir='ltr'>praesmtea</span> <span class='ocrx_word' id='word_1_108' title='bbox 854 2107 964 2208; x_wconf 76' lang='lat' dir='ltr'>Sigilli</span> <span class='ocrx_word' id='word_1_109' title='bbox 980 2108 1095 2207; x_wconf 72' lang='lat' dir='ltr'>Regii,</span> <span class='ocrx_word' id='word_1_110' title='bbox 1109 2135 1180 2211; x_wconf 90' lang='lat' dir='ltr'>qua</span> <span class='ocrx_word' id='word_1_111' title='bbox 1202 2108 1356 2206; x_wconf 85' lang='lat' dir='ltr'>utimur,</span> <span class='ocrx_word' id='word_1_112' title='bbox 1371 2109 1439 2180; x_wconf 55' lang='lat' dir='ltr'>ima</span> 
     </span>
     <span class='ocr_line' id='line_1_17' title="bbox 329 2224 1306 2326; baseline 0.008 -34"><span class='ocrx_word' id='word_1_113' title='bbox 329 2255 349 2292; x_wconf 74' lang='grc' dir='ltr'>ι</span> <span class='ocrx_word' id='word_1_114' title='bbox 370 2224 550 2326; x_wconf 82' lang='lat' dir='ltr'>pressione</span> <span class='ocrx_word' id='word_1_115' title='bbox 574 2225 728 2300; x_wconf 86' lang='lat' dir='ltr'>munitas</span> <span class='ocrx_word' id='word_1_116' title='bbox 752 2225 849 2321; x_wconf 86' lang='lat' dir='ltr'>fieri,</span> <span class='ocrx_word' id='word_1_117' title='bbox 872 2238 909 2298; x_wconf 92' lang='lat' dir='ltr'>et</span> <span class='ocrx_word' id='word_1_118' title='bbox 932 2224 1108 2326; x_wconf 79' lang='lat' dir='ltr'>registrari</span> <span class='ocrx_word' id='word_1_119' title='bbox 1132 2227 1306 2326; x_wconf 81' lang='lat' dir='ltr'>jussimus.</span> 
     </span>
    </p>

    <p class='ocr_par' dir='ltr' id='par_1_2' title="bbox 328 2341 1442 2658">
     <span class='ocr_line' id='line_1_18' title="bbox 379 2341 1442 2445; baseline 0.002 -27"><span class='ocrx_word' id='word_1_120' title='bbox 379 2376 399 2411; x_wconf 74' lang='lat' dir='ltr'>a</span> <span class='ocrx_word' id='word_1_121' title='bbox 421 2341 553 2418; x_wconf 85' lang='lat' dir='ltr'>Datum</span> <span class='ocrx_word' id='word_1_122' title='bbox 597 2342 793 2424; x_wconf 69' lang='lat' dir='ltr'>Mediolani,</span> <span class='ocrx_word' id='word_1_123' title='bbox 821 2343 935 2445; x_wconf 88' lang='lat' dir='ltr'>pridie</span> <span class='ocrx_word' id='word_1_124' title='bbox 975 2343 1060 2418; x_wconf 92' lang='lat' dir='ltr'>Idus</span> <span class='ocrx_word' id='word_1_125' title='bbox 1095 2345 1301 2418; x_wconf 78' lang='lat' dir='ltr'>Decembris</span> <span class='ocrx_word' id='word_1_126' title='bbox 1336 2343 1442 2420; x_wconf 81' lang='lat' dir='ltr'>Anno</span> 
     </span>
     <span class='ocr_line' id='line_1_19' title="bbox 328 2460 1441 2560; baseline 0.002 -30"><span class='ocrx_word' id='word_1_127' title='bbox 328 2493 349 2530; x_wconf 72' lang='lat' dir='ltr'>a</span> <span class='ocrx_word' id='word_1_128' title='bbox 371 2485 473 2536; x_wconf 90' lang='lat' dir='ltr'>aerae</span> <span class='ocrx_word' id='word_1_129' title='bbox 496 2460 706 2542; x_wconf 68' lang='lat' dir='ltr'>christiam</span> <span class='ocrx_word' id='word_1_130' title='bbox 732 2460 1008 2560; x_wconf 68' lang='lat' dir='ltr'>uocatum,</span> <span class='ocrx_word' id='word_1_131' title='bbox 1024 2461 1069 2538; x_wconf 89' lang='lat' dir='ltr'>ab</span> <span class='ocrx_word' id='word_1_132' title='bbox 1086 2462 1342 2538; x_wconf 82' lang='lat' dir='ltr'>hmtauratione</span> <span class='ocrx_word' id='word_1_133' title='bbox 1358 2463 1441 2537; x_wconf 48' lang='lat' dir='ltr'>stu«</span> 
     </span>
     <span class='ocr_line' id='line_1_20' title="bbox 330 2579 747 2658; baseline 0.005 -6"><span class='ocrx_word' id='word_1_134' title='bbox 330 2615 351 2652; x_wconf 74' lang='lat' dir='ltr'>a</span> <span class='ocrx_word' id='word_1_135' title='bbox 373 2579 515 2658; x_wconf 88' lang='lat' dir='ltr'>diorum</span> <span class='ocrx_word' id='word_1_136' title='bbox 539 2583 569 2654; x_wconf 86' lang='lat' dir='ltr'>I.</span> <span class='ocrx_word' id='word_1_137' title='bbox 744 2631 747 2640; x_wconf 88' lang='lat'>.</span> 
     </span>
    </p>
   </div>
   <div class='ocr_carea' id='block_1_2' title="bbox 332 2745 1443 2976">
    <p class='ocr_par' dir='ltr' id='par_1_3' title="bbox 332 2745 1443 2976">
     <span class='ocr_line' id='line_1_21' title="bbox 332 2745 1443 2835; baseline 0.002 -13"><span class='ocrx_word' id='word_1_138' title='bbox 332 2745 472 2831; x_wconf 74' lang='lat' dir='ltr'>Solatur.</span> <span class='ocrx_word' id='word_1_139' title='bbox 496 2748 612 2835; x_wconf 86' lang='lat' dir='ltr'>Julius</span> <span class='ocrx_word' id='word_1_140' title='bbox 637 2751 765 2825; x_wconf 87' lang='lat' dir='ltr'>Caesar</span> <span class='ocrx_word' id='word_1_141' title='bbox 789 2749 986 2832; x_wconf 80' lang='lat' dir='ltr'>Bersamus.</span> <span class='ocrx_word' id='word_1_142' title='bbox 1010 2749 1443 2832; x_wconf 67' lang='lat' dir='ltr'>Paluduscuaeettanus.</span> 
     </span>
     <span class='ocr_line' id='line_1_22' title="bbox 630 2867 1381 2976; baseline 0 -34"><span class='ocrx_word' id='word_1_143' title='bbox 630 2867 776 2976; x_wconf 63' lang='lat' dir='ltr'>aligillat.</span> <span class='ocrx_word' id='word_1_144' title='bbox 804 2867 898 2950; x_wconf 71' lang='lat' dir='ltr'>Catu</span> <span class='ocrx_word' id='word_1_145' title='bbox 921 2867 1043 2971; x_wconf 76' lang='lat' dir='ltr'>Sigillo</span> <span class='ocrx_word' id='word_1_146' title='bbox 1068 2867 1220 2946; x_wconf 66' lang='lat' dir='ltr'>&amp;uanas</span> <span class='ocrx_word' id='word_1_147' title='bbox 1242 2868 1381 2945; x_wconf 78' lang='lat' dir='ltr'>Excell</span> 
     </span>
    </p>
   </div>
   <div class='ocr_carea' id='block_1_3' title="bbox 329 3054 1482 4466">
    <p class='ocr_par' dir='ltr' id='par_1_4' title="bbox 329 3054 1482 4466">
     <span class='ocr_line' id='line_1_23' title="bbox 379 3054 1441 3154; baseline -0.004 -24"><span class='ocrx_word' id='word_1_148' title='bbox 379 3056 557 3132; x_wconf 81' lang='lat' dir='ltr'>Joaaurra</span> <span class='ocrx_word' id='word_1_149' title='bbox 582 3057 691 3133; x_wconf 77' lang='lat' dir='ltr'>Burs.</span> <span class='ocrx_word' id='word_1_150' title='bbox 725 3057 919 3132; x_wconf 80' lang='lat' dir='ltr'>Bvasauas</span> <span class='ocrx_word' id='word_1_151' title='bbox 945 3081 990 3133; x_wconf 82' lang='lat' dir='ltr'>us</span> <span class='ocrx_word' id='word_1_152' title='bbox 1015 3057 1239 3154; x_wconf 69' lang='lat' dir='ltr'>murm»,</span> <span class='ocrx_word' id='word_1_153' title='bbox 1263 3054 1441 3129; x_wconf 87' lang='lat' dir='ltr'>Tridenti-</span> 
     </span>
     <span class='ocr_line' id='line_1_24' title="bbox 331 3175 1445 3278; baseline 0.001 -31"><span class='ocrx_word' id='word_1_154' title='bbox 331 3200 419 3271; x_wconf 90' lang='lat' dir='ltr'>nus,</span> <span class='ocrx_word' id='word_1_155' title='bbox 434 3201 529 3250; x_wconf 89' lang='lat' dir='ltr'>anuo</span> <span class='ocrx_word' id='word_1_156' title='bbox 552 3175 794 3278; x_wconf 75' lang='lat' dir='ltr'>177oelectus</span> <span class='ocrx_word' id='word_1_157' title='bbox 816 3175 997 3252; x_wconf 78' lang='lat' dir='ltr'>Professor</span> <span class='ocrx_word' id='word_1_158' title='bbox 1014 3175 1180 3252; x_wconf 76' lang='lat' dir='ltr'>Materiae</span> <span class='ocrx_word' id='word_1_159' title='bbox 1204 3175 1361 3252; x_wconf 87' lang='lat' dir='ltr'>medicae</span> <span class='ocrx_word' id='word_1_160' title='bbox 1379 3180 1445 3270; x_wconf 81' lang='lat' dir='ltr'>(r),</span> 
     </span>
     <span class='ocr_line' id='line_1_25' title="bbox 331 3291 1442 3394; baseline 0.001 -28"><span class='ocrx_word' id='word_1_161' title='bbox 331 3305 438 3392; x_wconf 88' lang='lat' dir='ltr'>atque</span> <span class='ocrx_word' id='word_1_162' title='bbox 461 3317 556 3366; x_wconf 89' lang='lat' dir='ltr'>anno</span> <span class='ocrx_word' id='word_1_163' title='bbox 586 3317 679 3394; x_wconf 85' lang='lat'><strong>¹77²</strong></span> <span class='ocrx_word' id='word_1_164' title='bbox 705 3292 752 3368; x_wconf 91' lang='lat' dir='ltr'>ad</span> <span class='ocrx_word' id='word_1_165' title='bbox 777 3293 951 3367; x_wconf 81' lang='lat' dir='ltr'>exedram</span> <span class='ocrx_word' id='word_1_166' title='bbox 984 3295 1136 3370; x_wconf 85' lang='lat' dir='ltr'>Praxeas</span> <span class='ocrx_word' id='word_1_167' title='bbox 1170 3291 1329 3368; x_wconf 84' lang='lat' dir='ltr'>medicae</span> <span class='ocrx_word' id='word_1_168' title='bbox 1358 3317 1442 3394; x_wconf 92' lang='lat' dir='ltr'>pro-</span> 
     </span>
     <span class='ocr_line' id='line_1_26' title="bbox 329 3410 1442 3513; baseline 0 -29"><span class='ocrx_word' id='word_1_169' title='bbox 329 3422 472 3505; x_wconf 88' lang='lat' dir='ltr'>motus,</span> <span class='ocrx_word' id='word_1_170' title='bbox 495 3423 757 3484; x_wconf 86' lang='lat' dir='ltr'>antecessomm</span> <span class='ocrx_word' id='word_1_171' title='bbox 781 3435 879 3485; x_wconf 91' lang='lat' dir='ltr'>more</span> <span class='ocrx_word' id='word_1_172' title='bbox 903 3410 1094 3512; x_wconf 85' lang='lat' dir='ltr'>discipulos</span> <span class='ocrx_word' id='word_1_173' title='bbox 1122 3437 1204 3488; x_wconf 83' lang='lat' dir='ltr'>suos</span> <span class='ocrx_word' id='word_1_174' title='bbox 1239 3411 1442 3513; x_wconf 81' lang='lat' dir='ltr'>pervarias</span> 
     </span>
     <span class='ocr_line' id='line_1_27' title="bbox 331 3526 1445 3632; baseline -0.003 -28"><span class='ocrx_word' id='word_1_175' title='bbox 331 3527 502 3604; x_wconf 82' lang='lat' dir='ltr'>conduxit</span> <span class='ocrx_word' id='word_1_176' title='bbox 524 3527 728 3602; x_wconf 83' lang='lat' dir='ltr'>Nouocomii</span> <span class='ocrx_word' id='word_1_177' title='bbox 752 3526 871 3623; x_wconf 74' lang='lat' dir='ltr'>ardes,</span> <span class='ocrx_word' id='word_1_178' title='bbox 905 3529 1130 3632; x_wconf 73' lang='lat' dir='ltr'>potioresque</span> <span class='ocrx_word' id='word_1_179' title='bbox 1164 3527 1296 3603; x_wconf 82' lang='lat' dir='ltr'>ibidem</span> <span class='ocrx_word' id='word_1_180' title='bbox 1321 3554 1445 3602; x_wconf 84' lang='lat' dir='ltr'>occur-</span> 
     </span>
     <span class='ocr_line' id='line_1_28' title="bbox 331 3643 1443 3749; baseline -0.003 -27"><span class='ocrx_word' id='word_1_181' title='bbox 331 3657 450 3722; x_wconf 85' lang='lat' dir='ltr'>rentes</span> <span class='ocrx_word' id='word_1_182' title='bbox 473 3644 733 3745; x_wconf 74' lang='lat' dir='ltr'>aegritudinum</span> <span class='ocrx_word' id='word_1_183' title='bbox 768 3671 869 3719; x_wconf 90' lang='lat' dir='ltr'>casus</span> <span class='ocrx_word' id='word_1_184' title='bbox 903 3647 1079 3749; x_wconf 85' lang='lat' dir='ltr'>explicuit.</span> <span class='ocrx_word' id='word_1_185' title='bbox 1111 3647 1165 3721; x_wconf 90' lang='lat' dir='ltr'>De</span> <span class='ocrx_word' id='word_1_186' title='bbox 1195 3643 1443 3748; x_wconf 77' lang='lat' dir='ltr'>hujuscemodi</span> 
     </span>
     <span class='ocr_line' id='line_1_29' title="bbox 331 3763 1444 3868; baseline -0.003 -30"><span class='ocrx_word' id='word_1_187' title='bbox 331 3779 452 3840; x_wconf 84' lang='lat' dir='ltr'>autem</span> <span class='ocrx_word' id='word_1_188' title='bbox 474 3764 702 3838; x_wconf 84' lang='lat' dir='ltr'>institutionis</span> <span class='ocrx_word' id='word_1_189' title='bbox 727 3789 855 3865; x_wconf 85' lang='lat' dir='ltr'>vagae,</span> <span class='ocrx_word' id='word_1_190' title='bbox 878 3766 952 3841; x_wconf 87' lang='lat' dir='ltr'>sive</span> <span class='ocrx_word' id='word_1_191' title='bbox 976 3764 1208 3868; x_wconf 81' lang='lat' dir='ltr'>polyclinicae</span> <span class='ocrx_word' id='word_1_192' title='bbox 1225 3763 1444 3838; x_wconf 69' lang='lat' dir='ltr'>insufficien·</span> 
     </span>
     <span class='ocr_line' id='line_1_30' title="bbox 331 3884 1442 3986; baseline -0.004 -26"><span class='ocrx_word' id='word_1_193' title='bbox 331 3887 381 3960; x_wconf 86' lang='lat' dir='ltr'>tia</span> <span class='ocrx_word' id='word_1_194' title='bbox 408 3897 522 3986; x_wconf 85' lang='lat' dir='ltr'>atque</span> <span class='ocrx_word' id='word_1_195' title='bbox 558 3885 794 3960; x_wconf 83' lang='lat' dir='ltr'>incommodis</span> <span class='ocrx_word' id='word_1_196' title='bbox 830 3885 931 3962; x_wconf 88' lang='lat' dir='ltr'>brevi</span> <span class='ocrx_word' id='word_1_197' title='bbox 966 3887 1176 3982; x_wconf 84' lang='lat' dir='ltr'>convictus,</span> <span class='ocrx_word' id='word_1_198' title='bbox 1212 3911 1307 3960; x_wconf 88' lang='lat' dir='ltr'>anno</span> <span class='ocrx_word' id='word_1_199' title='bbox 1350 3884 1442 3986; x_wconf 81' lang='lat'><strong>1773</strong></span> 
     </span>
     <span class='ocr_line' id='line_1_31' title="bbox 329 4001 1447 4106; baseline -0.004 -28"><span class='ocrx_word' id='word_1_200' title='bbox 329 4004 515 4106; x_wconf 91' lang='lat' dir='ltr'>proprium</span> <span class='ocrx_word' id='word_1_201' title='bbox 539 4001 655 4080; x_wconf 90' lang='lat' dir='ltr'>cubile</span> <span class='ocrx_word' id='word_1_202' title='bbox 678 4001 856 4078; x_wconf 81' lang='lat' dir='ltr'>sexdecim</span> <span class='ocrx_word' id='word_1_203' title='bbox 879 4005 980 4079; x_wconf 85' lang='lat' dir='ltr'>lectis</span> <span class='ocrx_word' id='word_1_204' title='bbox 1003 4005 1131 4079; x_wconf 86' lang='lat' dir='ltr'>instrui</span> <span class='ocrx_word' id='word_1_205' title='bbox 1155 4004 1309 4100; x_wconf 87' lang='lat' dir='ltr'>curavit,</span> <span class='ocrx_word' id='word_1_206' title='bbox 1331 4015 1372 4076; x_wconf 92' lang='lat' dir='ltr'>ut</span> <span class='ocrx_word' id='word_1_207' title='bbox 1394 4013 1447 4074; x_wconf 81' lang='lat' dir='ltr'>to-</span> 
     </span>
     <span class='ocr_line' id='line_1_32' title="bbox 329 4120 1445 4226; baseline -0.002 -31"><span class='ocrx_word' id='word_1_208' title='bbox 329 4121 440 4196; x_wconf 89' lang='lat' dir='ltr'>tidem</span> <span class='ocrx_word' id='word_1_209' title='bbox 463 4122 548 4195; x_wconf 86' lang='lat' dir='ltr'>viris</span> <span class='ocrx_word' id='word_1_210' title='bbox 573 4123 834 4222; x_wconf 86' lang='lat' dir='ltr'>aegrotantibus</span> <span class='ocrx_word' id='word_1_211' title='bbox 858 4123 1093 4226; x_wconf 82' lang='lat' dir='ltr'>excipiendis,</span> <span class='ocrx_word' id='word_1_212' title='bbox 1127 4149 1168 4197; x_wconf 88' lang='lat' dir='ltr'>ac</span> <span class='ocrx_word' id='word_1_213' title='bbox 1203 4123 1309 4198; x_wconf 87' lang='lat' dir='ltr'>unice</span> <span class='ocrx_word' id='word_1_214' title='bbox 1338 4120 1445 4195; x_wconf 75' lang='lat' dir='ltr'>disci-</span> 
     </span>
     <span class='ocr_line' id='line_1_33' title="bbox 329 4239 1482 4342; baseline -0.003 -28"><span class='ocrx_word' id='word_1_215' title='bbox 329 4239 497 4342; x_wconf 88' lang='lat' dir='ltr'>pulorum</span> <span class='ocrx_word' id='word_1_216' title='bbox 520 4239 639 4316; x_wconf 89' lang='lat' dir='ltr'>solerti</span> <span class='ocrx_word' id='word_1_217' title='bbox 664 4240 900 4319; x_wconf 86' lang='lat' dir='ltr'>observationi</span> <span class='ocrx_word' id='word_1_218' title='bbox 924 4242 1051 4320; x_wconf 82' lang='lat' dir='ltr'>dicatis</span> <span class='ocrx_word' id='word_1_219' title='bbox 1073 4245 1293 4318; x_wconf 86' lang='lat' dir='ltr'>inservirent.</span> <span class='ocrx_word' id='word_1_220' title='bbox 1320 4243 1445 4314; x_wconf 85' lang='lat' dir='ltr'>Mense</span> <span class='ocrx_word' id='word_1_221' title='bbox 1477 4321 1482 4326; x_wconf 47' lang='grc'><strong>,</strong></span> 
     </span>
     <span class='ocr_line' id='line_1_34' title="bbox 329 4357 1450 4466; baseline -0.004 -32"><span class='ocrx_word' id='word_1_222' title='bbox 329 4361 523 4436; x_wconf 85' lang='lat' dir='ltr'>Februario</span> <span class='ocrx_word' id='word_1_223' title='bbox 549 4361 633 4432; x_wconf 88' lang='lat' dir='ltr'>armi</span> <span class='ocrx_word' id='word_1_224' title='bbox 658 4363 869 4457; x_wconf 86' lang='lat' dir='ltr'>successivi,</span> <span class='ocrx_word' id='word_1_225' title='bbox 900 4364 1018 4466; x_wconf 68' lang='lat'>1774,</span> <span class='ocrx_word' id='word_1_226' title='bbox 1046 4363 1154 4466; x_wconf 89' lang='lat' dir='ltr'>paulo</span> <span class='ocrx_word' id='word_1_227' title='bbox 1187 4360 1364 4436; x_wconf 70' lang='lat' dir='ltr'>asinorum</span> <span class='ocrx_word' id='word_1_228' title='bbox 1389 4357 1450 4431; x_wconf 89' lang='lat' dir='ltr'>ad·</span> 
     </span>
    </p>
   </div>
   <div class='ocr_carea' id='block_1_4' title="bbox 330 4470 1449 4585">
    <p class='ocr_par' dir='ltr' id='par_1_5' title="bbox 330 4470 1449 4585">
     <span class='ocr_line' id='line_1_35' title="bbox 330 4470 1449 4585; baseline -0.005 -30"><span class='ocrx_word' id='word_1_229' title='bbox 330 4479 447 4583; x_wconf 84' lang='lat' dir='ltr'>junxit</span> <span class='ocrx_word' id='word_1_230' title='bbox 482 4479 693 4558; x_wconf 81' lang='lat' dir='ltr'>seminarum</span> <span class='ocrx_word' id='word_1_231' title='bbox 728 4506 944 4582; x_wconf 85' lang='lat' dir='ltr'>numerum,</span> <span class='ocrx_word' id='word_1_232' title='bbox 978 4485 1016 4560; x_wconf 90' lang='lat' dir='ltr'>in</span> <span class='ocrx_word' id='word_1_233' title='bbox 1055 4482 1247 4585; x_wconf 80' lang='lat' dir='ltr'>angustiori</span> <span class='ocrx_word' id='word_1_234' title='bbox 1285 4470 1449 4556; x_wconf 83' lang='lat' dir='ltr'>conclavi</span> 
     </span>
    </p>
   </div>
   <div class='ocr_carea' id='block_1_5' title="bbox 0 0 1619 5166">
    <p class='ocr_par' dir='ltr' id='par_1_6' title="bbox 0 0 1619 5166">
     <span class='ocr_line' id='line_1_36' title="bbox 0 0 1619 5166; baseline 0 0"><span class='ocrx_word' id='word_1_235' title='bbox 0 0 1619 5166; x_wconf 95' lang='lat' dir='ltr'> </span> 
     </span>
    </p>
   </div>
  </div>
 </body>
</html>
