3264 5194
229 478 275 554 de
298 477 370 556 flat
395 478 440 556 N.
475 477 529 574 6)
562 475 769 554 monattus
797 481 896 554 sanis
929 483 1048 572 vitae,
1080 483 1231 582 aegrotis
1263 387 1342 556 deiris

227 597 429 674 mortona»
451 606 567 673 cerem
586 602 810 699 poabssbutm
824 621 898 672 esse
912 613 1106 697 merorem,
1120 625 1229 700 quare
1244 598 1343 674 nulla

228 717 389 818 prolecto
412 714 581 791 bonitatis
606 715 695 790 aeris
720 727 925 815 argumenta
949 719 1083 815 majora
1099 728 1223 811 erunt,
1238 729 1344 817 atque

228 835 407 930 certiora,
430 857 540 934 quam
569 857 648 906 rara
677 831 865 908 hominum
894 833 1114 932 aegrotatio,
1140 833 1346 908 remaculo·

228 978 311 1028 rum
334 951 541 1028 morborum
565 949 745 1053 absentia,
760 949 1039 1054 epidemicorum
1061 951 1208 1050 lenitas,
1225 966 1346 1053 vegeta
1449 993 1452 1002 .

168 1129 171 1134 .
229 1085 414 1167 senectus,
438 1071 573 1146 etrite
596 1069 847 1170 longaeva-
870 1071 977 1144 Hisce
1001 1068 1180 1145 beneficiis
1203 1069 1347 1172 primm

230 1212 305 1261 esse
331 1187 556 1262 Ticinensem
580 1213 730 1288 agrum,
755 1213 798 1262 ex
822 1185 1007 1290 bucusque
1030 1187 1178 1290 prolatis
1207 1188 1346 1264 unicui-

228 1307 316 1382 libet
339 1295 424 1382 saus
447 1335 626 1410 superque
648 1323 757 1410 patet
782 1309 933 1410 Insuper
956 1309 1044 1382 nihil
1065 1309 1176 1410 magis
1192 1307 1347 1386 advenas

228 1440 453 1522 commonet,
476 1425 616 1502 coelum
641 1425 772 1500 alicubi
797 1451 873 1502 esse
898 1425 1110 1525 inclemens,
1133 1453 1243 1530 pam
1265 1427 1346 1502 sub·

227 1545 387 1642 tumida,
410 1543 591 1648 squalida,
614 1545 672 1624 rel
700 1549 847 1647 strigcse
862 1547 1061 1622 incolarum
1084 1548 1240 1650 species,
1255 1573 1347 1649 quae

227 1660 350 1759 flavo,
373 1677 437 1738 aut
461 1661 653 1738 tlralnssino
678 1661 796 1738 colore
819 1663 916 1766 picta
941 1661 1014 1738 fere
1039 1663 1222 1765 exsanguis
1246 1663 1347 1740 ride·

227 1792 298 1852 tur.
322 1779 367 1854 Id
390 1803 478 1854 vero
501 1779 598 1882 apud
622 1777 790 1880 agricolas
815 1794 988 1856 nostrates
1012 1781 1144 1883 passim
1160 1777 1349 1854 observare

229 1895 340 1994 licet,
364 1895 493 1998 quibus
517 1912 600 2000 apte
625 1911 797 2000 congruet
819 1897 1003 1999 vulgatum
1037 1897 1128 1973 illud
1160 1898 1349 1974 Stratonici

229 2015 432 2090 Citharaedi
456 2015 643 2092 dicterium
666 2009 706 2090 in
724 2017 905 2092 Caunios:
930 2051 948 2084 n
976 2015 1066 2090 Tale
1081 2017 1223 2119 qmilem'
1234 2039 1349 2115 gemes

227 2149 282 2209 ert
302 2133 489 2210 bonumsm
500 2187 515 2226 ,
539 2136 646 2240 quale
656 2135 847 2238 fhliomm.
864 2171 883 2206 o
913 2178 965 2196 -
988 2135 1139 2212 Erudite
1168 2161 1243 2212 non
1278 2139 1348 2210 mie·

228 2279 315 2351 nus,
339 2281 448 2356 quam
473 2253 660 2355 diligenter
675 2253 775 2330 Fero.
792 2253 1031 2330 Horrmrns
1048 2253 1189 2354 collegit
1204 2254 1351 2357 scripto·

228 2397 311 2466 rum
336 2373 567 2472 testimonia,
590 2371 719 2474 quibus
744 2370 842 2474 apud
870 2372 1086 2474 Aegyptios,
1121 2371 1277 2446 Graecos
1313 2383 1371 2444 etv

231 2488 477 2564 Germanosa
512 2489 608 2565 sicco
642 2488 720 2566 solo
754 2501 873 2565 aerem
908 2479 1110 2588 salubrem,
1146 2513 1168 2564 a
1198 2513 1351 2564 coenoso

227 2619 349 2678 autem
365 2619 402 2680 et
418 2605 567 2682 humido
591 2605 843 2681 inclementem
868 2607 1022 2682 extitisse
1038 2606 1275 2702 demonstrat,
1291 2605 1351 2678 cui

226 2749 313 2800 sane
338 2727 477 2802 rerimti
501 2733 574 2828 jam
598 2725 774 2828 praeluxit
798 2727 893 2802 Cous
918 2726 1054 2821 Vates,
1084 2723 1147 2799 ubi
1181 2725 1349 2825 scripsitr

225 2879 246 2911 n
269 2843 333 2917 Ex
356 2849 447 2918 αηηί
469 2841 781 2919 corutitutronibus
803 2849 843 2918 in
868 2849 1068 2920 universum
1091 2847 1265 2920 εἰσσίἰαῡεε
1282 2847 1350 2948 rire·

230 2947 350 3036 tetes
372 2986 448 3036 erse
471 2957 684 3036 salubriores
701 2998 735 3037 e.
763 2991 764 2995 ¹

276 3079 445 3154 Attamen
469 3103 543 3152 non
567 3077 697 3155 desunt
721 3093 758 3153 et
783 3077 916 3154 climati
950 3077 1024 3154 udo
1053 3103 1117 3152 sua
1152 3072 1348 3178 beneficiis,

226 3195 357 3296 quibus
386 3197 505 3298 ipsum
539 3197 675 3297 Agrum
712 3198 938 3272 Ticinensem
971 3197 1106 3298 potiri,
1142 3195 1349 3298 quotidiana

226 3312 419 3388 edocemur
443 3315 666 3416 experientia.
692 3313 910 3415 Singularem
934 3339 1020 3416 prae
1047 3315 1195 3388 caeteris
1219 3310 1346 3394 adten-

225 3431 362 3506 tionem
385 3447 544 3506 meretur
566 3435 695 3506 rarius
713 3429 898 3535 pbtlrireos
917 3431 1168 3535 pubrronalis,
1192 3457 1284 3533 quae
1308 3433 1347 3506 in

224 3547 313 3624 locis
339 3547 570 3646 elatioribus,
598 3551 727 3648 siccis,
761 3561 798 3624 et
831 3547 1032 3625 borealibus
1068 3549 1158 3626 adeo
1188 3549 1346 3624 funestas

222 3669 319 3744 ritae
344 3667 522 3740 humanae
546 3671 652 3742 struit
677 3667 848 3765 insidias,
872 3681 996 3770 totque
1031 3668 1192 3744 victimas
1228 3665 1346 3740 Ache·

224 3788 339 3862 ronti's
357 3787 403 3888 ed
419 3813 498 3862 oras
516 3787 694 3863 conducit.
711 3789 812 3862 Licet
827 3785 1122 3862 inflammationes
1134 3809 1346 3886 organorum

219 3903 464 4005 spiritalium,
489 3903 710 3978 aascrrltante
734 3905 895 4007 inprimis
929 3901 1057 3978 bruma
1086 3917 1123 3978 et
1149 3899 1346 4003 aquilonari

220 4033 454 4122 tempestate,
479 4020 575 4122 apud
592 4046 657 4096 nos
675 4019 878 4123 frequenter
893 4034 1099 4118 occurrant,
1119 4033 1157 4094 et
1172 4020 1346 4118 insignem

219 4141 438 4244 quaudoque
463 4141 704 4243 adipiscantur
728 4140 982 4242 gravedinem,
1011 4137 1124 4213 nihilo
1154 4138 1272 4210 secius
1306 4137 1346 4210 in

165 4288 168 4294 ¹
220 4258 451 4360 purulentam
475 4259 707 4360 liquationem
731 4259 872 4333 nonnisi
897 4259 1073 4335 rarissime
1089 4255 1345 4352 terminantur,

222 4375 369 4452 sedvel
394 4403 458 4452 sua
484 4377 706 4453 contumacia
732 4373 939 4454 indomabili
956 4371 1163 4478 propediem
1180 4383 1339 4470 enecant,
