3228 5166
1214 305 1283 382 63

174 429 349 507 conteuti·
340 431 518 534 ,iusupm
547 431 662 532 quivis
695 429 807 506 lectus
842 454 863 502 a
893 427 1001 504 latere
1024 425 1203 532 praeditus
1228 415 1297 502 ιιι

173 547 302 624 scheda
314 575 438 650 ,quse
463 561 577 626 totam
610 547 775 648 exprimit
802 545 1079 644 ordinationem,
1103 547 1283 648 hujusque
1314 573 1317 577 ·

172 664 218 740 de
241 665 332 740 die
322 691 362 740 ιιι
385 666 482 742 diem
505 678 642 748 secutas
666 663 934 744 variationestl
957 663 1149 740 ourdidatis
1166 689 1283 763 aegro-
1386 665 1389 680 '

173 812 254 860 rum
288 784 525 862 observationi
559 799 596 860 et
633 811 737 862 curae
773 783 956 884 speciatim
989 781 1137 867 addictis
1165 781 1283 882 plures

172 899 324 978 libenter
349 925 561 1002 componere
585 901 732 976 obrimus
757 899 947 996 formulas,
971 913 1012 973 ut
1027 901 1232 1004 requisitam
1246 903 1285 981 in

173 1018 586 1121 plrarmacocatugrapbia
611 1019 798 1120 adquirant
821 1017 1077 1100 dexteritatem.
1320 1091 1323 1098 ,

223 1135 279 1209 Ne
302 1135 481 1238 praesidiis
497 1136 788 1238 pharmaceuticis
804 1141 938 1239 major,
961 1161 1069 1238 quam
1085 1149 1286 1232 merantur,

173 1267 327 1355 potestas
367 1268 404 1328 et
439 1253 567 1330 fiducia
603 1253 799 1350 tribuatur,
833 1278 956 1328 omnes
993 1253 1287 1354 praescriptiones

173 1368 364 1470 superfluas
381 1371 575 1470 evitamus,
590 1371 701 1459 immo
717 1369 831 1450 febres
848 1368 946 1448 haud
960 1395 1111 1472 paucas,
1125 1395 1284 1470 praescr,

173 1488 238 1564 tim
271 1486 448 1590 simplices
483 1501 520 1568 et
552 1487 669 1586 leves,
704 1487 885 1574 interdum
914 1487 998 1580 solis
1024 1489 1284 1568 committimus

171 1621 318 1682 naturae
342 1607 498 1704 riribm,
522 1621 563 1684 ut
577 1621 732 1710 tyrones
756 1631 932 1698 summam
957 1632 1079 1680 aarum
1096 1607 1134 1684 in
1150 1605 1284 1696 morbis

170 1727 337 1829 pyraticis
349 1741 561 1827 potestatem
572 1729 638 1802 rite
649 1729 842 1824 aesdmari,
858 1754 899 1802 ac
916 1728 1091 1824 venerari,
1107 1726 1284 1830 simulque
1308 1773 1311 1782 ν

172 1859 332 1918 sanctam
352 1843 621 1946 Hippocraticae
633 1843 875 1922 doctrinoede
892 1845 1059 1940 crisibua,
1082 1845 1182 1922 nullo
1199 1861 1286 1928 tem·

174 1988 262 2063 poro
278 1959 516 2048 obliterandae
528 1964 713 2044 veritatem
729 1989 794 2039 acu
811 1976 950 2062 turgere
967 1961 1164 2060 addiscant,
1178 1987 1288 2065 quam

173 2079 273 2153 scioli
297 2079 444 2180 quidam
468 2079 630 2160 moderni
654 2095 812 2158 evertere
836 2081 1014 2158 meassuru
1044 2093 1250 2160 unumst<

224 2198 454 2298 Operationes
478 2195 713 2305 chiragricus,
737 2214 910 2302 quatenus
935 2199 981 2274 ad
997 2199 1192 2276 medicinae
1206 2225 1287 2276 sou*

172 2341 262 2424 pum
278 2330 514 2414 concurrunt,
529 2319 582 2392 uti
599 2315 871 2418 putsboumas,
886 2317 1176 2416 scantationes,
1192 2316 1287 2404 tiru-
1415 2409 1417 2414 ,

174 2432 299 2508 ιιιιιιιιιι
322 2447 359 2508 et
384 2431 578 2518 cathetoris¹
596 2461 721 2532 usum,
748 2435 1037 2536 paraoonthcsin,
1067 2449 1287 2537 acupunctu·

173 2578 269 2648 ram,
293 2565 359 2628 etc.
383 2579 405 2626 a
431 2553 605 2655 Chirurgo
629 2553 810 2642 aum'lisrio
835 2553 1078 2656 praesentibus
1104 2553 1286 2656 discipulis

173 2657 250 2745 fieri
274 2669 445 2772 jubemus
463 2673 738 2775 Quamprimum
760 2697 845 2751 vero
867 2673 1009 2774 majoris
1031 2671 1203 2750 momenti
1227 2696 1288 2756 en-

175 2789 347 2862 cheireaes
382 2790 636 2890 requiruntur,
670 2815 791 2888 aegros
825 2791 864 2864 in
901 2789 1017 2872 cubile
1049 2788 1287 2888 chirurgiomn

172 2907 353 2981 transferri
377 2932 553 2984 curamue.

222 3026 389 3100 Unacum
412 3031 573 3127 vegentino
593 3028 801 3118 daucum,
826 3027 932 3109 etiam
947 3051 1070 3110 omum
1080 3021 1290 3134 prycbican

15 3229 18 3236 Ι
174 3141 440 3242 conjungimus,
474 3139 543 3226 illis
577 3143 784 3276 praesertim
817 3143 856 3215 in
886 3141 1049 3276 casibus,
1077 3141 1139 3224 ubi
1163 3167 1291 3241 mens,

173 3271 237 3336 aut
261 3256 399 3336 animm
423 3271 599 3358 aegrotat,
622 3259 774 3359 insigues
796 3259 957 3334 moderni
973 3259 1051 3336 aevi
1067 3259 1161 3336 circa
1176 3259 1288 3339 hocce

173 3377 354 3514 objectum
377 3403 580 3488 progressus
604 3379 797 3477 ιιιιιιιιιιιο,
830 3385 974 3482 ejusque
1008 3381 1133 3460 merita
1158 3377 1288 3461 debitis

174 3497 343 3572 encomiis
374 3497 583 3584 extollendo.

221 3617 367 3692 Praeter
389 3616 496 3698 hosca
521 3631 673 3718 quatuor
697 3617 792 3698 soros
806 3617 1094 3718 Jamatologiae,
1101 3575 1286 3696 videlceu

174 3734 521 3835 pharmaceuticum,
544 3737 804 3842 chirurgicum,
827 3737 1052 3821 diacndoum
1075 3751 1113 3812 et
1140 3737 1287 3839 psycbi

174 3879 257 3926 cum
268 3855 446 3956 ,quintus
481 3853 598 3934 adbuc
632 3855 734 3934 nobis
771 3855 955 3990 suppetit,
985 3881 1093 3956 quem
1133 3855 1287 3931 mcdt'co·

175 3909 373 4044 merirum
408 3997 586 4048 vocamus.
610 3975 745 4058 Extant
767 3973 937 4056 nimirmu
961 3973 1057 4048 varia
1081 3972 1282 4073 praesidis,

174 4089 303 4188 partim
329 4089 591 4194 dierapcutica,
614 4094 745 4194 partim
769 4090 958 4189 lenientis,
981 4093 1111 4194 partim
1136 4091 1287 4188 tutoris,

172 4205 377 4307 machinae,
399 4213 654 4304 ιἰιιιιιωιειιια,
678 4193 1106 4314 warannonis-cibit,
1131 4235 1287 4310 quorum

176 4353 282 4423 usus,
305 4341 386 4402 utut
415 4329 684 4410 determinatum
714 4329 894 4433 quandam
923 4331 1037 4428 exiget
1066 4329 1285 4408 encheireein

175 4457 211 4520 et
225 4444 488 4551 dexteritatem,
509 4475 529 4526 o
546 4449 624 4536 foro
640 4449 836 4558 chirurgiae
852 4450 982 4552 passim
999 4445 1158 4549 excludi,
1174 4463 1281 4551 atque
