3228 5166
315 391 359 443 ro

311 452 314 479 ¹
356 483 462 580 Quod
486 485 621 562 adtinet
644 485 801 563 scholam
835 483 1008 564 medicam
1028 489 1091 564 ¹ah
1128 490 1275 566 arlseclis
1301 492 1417 566 Hero-

305 606 415 708 phili,
437 633 525 684 aevo
548 609 741 684 Ptolemaei
764 612 945 710 Euergetis
963 612 1008 684 11.
1033 613 1101 704 (Α.
1132 611 1202 706 146
1226 639 1257 687 a.
1285 613 1367 686 Chr.
1382 619 1425 705 1,·

305 723 551 804 Alexarrdriam
563 730 722 806 deserere
732 733 881 828 coactis,
897 758 1004 832 penes
1021 729 1232 808 Laodiceam
1248 729 1286 806 in
1302 733 1417 833 Phry=

305 845 489 946 31311333
519 849 586 922 132
612 863 694 923 ante
720 849 899 923 Christum
925 846 1122 945 fundatam,
1147 853 1204 924 eui
1230 853 1357 925 Zeuxis
1380 865 1417 925 et

304 965 514 1040 Armanas
548 969 792 1043 Puruuerrrrs
826 967 1075 1068 praefuerunt,
1096 1013 1147 1026 —-
1171 969 1340 1070 illamque
1371 967 1417 1040 ab

305 1082 540 1157 Emsrsrasrr
572 1083 781 1185 discipulis,
815 1098 852 1158 et
888 1085 1071 1184 speciatim
1108 1085 1153 1158 ab
1191 1087 1310 1159 lensio
1339 1083 1443 1185 pari,

306 1198 381 1274 sere
415 1215 573 1302 tempore
598 1203 769 1304 Smyrnae
795 1201 994 1299 conditam,
1019 1201 1168 1276 obscura
1194 1217 1334 1276 tantuna
1357 1200 1419 1274 ba·

310 1317 442 1392 hentm
466 1320 621 1418 vestigia.

267 1537 268 1540 Ἴ
355 1435 550 1536 Postquam
574 1437 678 1510 Boua
703 1439 774 1537 jam
805 1437 888 1510 satis
924 1435 1052 1536 gloriae
1084 1436 1190 1510 amris
1220 1435 1419 1537 quaesitum

307 1583 384 1630 esse
406 1557 642 1658 prospiceret,
671 1555 779 1630 literis
809 1555 949 1659 asylum
979 1559 1139 1658 apemit,
1174 1555 1272 1657 qnod
1303 1556 1420 1630 conti·¹

307 1677 358 1774 git
381 1673 538 1748 secundo
560 1673 655 1750 bello
679 1677 809 1776 punico
834 1677 895 1767 (Α.
914 1677 1068 1750 3383331
1091 1688 1172 1752 ante
1189 1674 1271 1748 Chr.
1289 1680 1319 1770 ),
1336 1700 1419 1747 cum

456 1791 568 1866 Musa
587 1808 747 1894 pennata
766 1790 883 1891 grudu

457 1909 590 1984 quelit
611 1937 649 1984 se
673 1909 870 1993 bellicosam
902 1911 940 1984 iu
970 1907 1116 1985 Romuli
1140 1923 1278 2009 gentem
1287 1905 1421 2010 serum

308 2029 469 2104 Primum
493 2029 656 2130 equidem
681 2029 769 2102 aluit
797 2043 936 2106 tantum
972 2030 1142 2102 Rhetores
1177 2043 1214 2103 et
1244 2029 1422 2104 ‚luriseon⁴

172 2170 176 2180 ·
308 2143 440 2243 sultos,
462 2144 527 2220 sed
549 2143 776 2247 postmodum
800 2142 906 2220 etiam
931 2146 1087 2220 medicos
1117 2171 1160 2220 ex
1189 2145 1351 2246 Aegypto
1385 2155 1421 2217 et

310 2263 462 2366 Hellade
489 2263 754 2338 celeberrimam
788 2265 913 2338 urbem
951 2264 1119 2340 adeuntes
1156 2263 1295 2338 adlexit.
1320 2265 1421 2355 Quae

309 2386 408 2486 prius
432 2384 478 2458 ab
502 2383 564 2458 1113
587 2385 671 2459 inde
687 2385 795 2458 Urbis
812 2382 973 2462 conditae
991 2383 1155 2486 epocha(
1173 2384 1245 2486 754
1262 2410 1292 2456 a.
1310 2381 1420 2474 Chr.)

311 2503 567 2578 exercitabatur
598 2503 790 2599 medicina,
815 2502 861 2577 ad
884 2505 1076 2604 mysticum
1101 2503 1185 2575 artis
1216 2500 1353 2574 cultrrm
1377 2501 1415 2571 13

312 2621 467 2723 templis,
479 2636 515 2694 et
530 2620 705 2696 fabulosas
723 2618 928 2696 traditiones
947 2617 1252 2693 circumscribitur.
1266 2619 1422 2690 Tantum

311 2765 397 2815 vero
421 2739 517 2841 apud
533 2741 708 2813 Romanos
725 2737 942 2812 idololatriae
965 2763 1121 2810 amorem
1142 2735 1247 2808 fuisse
1265 2747 1429 2826 constat,

311 2873 353 2934 ut
368 2860 590 2962 Aegyptiacis
615 2872 652 2932 et
676 2857 819 2931 Graecis
835 2859 993 2932 Deorum
1009 2853 1203 2930 simulacris
1226 2854 1322 2928 haud
1339 2879 1422 2927 eorr-

311 2979 425 3075 tenti,
461 2977 645 3080 complura
678 3003 771 3052 nova
806 2979 1001 3053 creaverim
1038 2977 1205 3072 numina,
1234 2976 1287 3048 nti
1312 2977 1424 3048 Deam

312 3095 448 3168 Fanum
457 3151 472 3186 ,
497 3097 725 3188 Fessomau,
748 3097 993 3193 Ganuenrau,
1009 3096 1235 3184 Ossrraean,
1258 3095 1425 3186 Paosrsr,

315 3214 522 3308 Lautumias,
547 3215 714 3312 Clauum,
739 3217 988 3311 Mururrruan,
1018 3215 1266 3308 Mrorrrmau,
1297 3210 1425 3312 quibus

313 3353 431 3402 sacrae
456 3328 558 3402 aedes
582 3331 687 3403 variis
711 3332 750 3402 in
773 3329 860 3404 locis
886 3343 1064 3403 extructae
1089 3328 1196 3402 suere.

364 3447 643 3542 Mcaaosraus,
666 3445 1001 3548 Peloponnesiacos,
1024 3449 1159 3548 primus
1183 3445 1255 3518 illic
1279 3443 1425 3516 malici·

315 3575 402 3636 nam
426 3563 563 3664 aperuit
587 3563 691 3637 Anno
719 3588 846 3663 2198.
872 3563 978 3661 Che,
1003 3563 1149 3636 tabema
1178 3561 1321 3663 publico
1347 3585 1426 3631 aere

314 3681 382 3780 ipsi
407 3707 582 3756 concessa.
606 3681 740 3774 Quanti
764 3694 884 3756 autem
907 3680 967 3754 ille
996 3681 1125 3777 fuerit,
1155 3679 1213 3754 vel
1243 3677 1327 3752 inde
1352 3676 1426 3749 col-

315 3796 454 3896 ligitur,
478 3797 575 3898 quod
598 3795 698 3872 brevi
733 3799 905 3872 carnificis
937 3797 1081 3876 titulum
1116 3797 1184 3870 sibi
1218 3795 1426 3898 promeruit.

315 3914 439 4014 Neque
463 3913 618 3989 melioris
642 3931 747 3990 notae
777 3916 875 3990 fuere
905 3921 981 4019 ejus
1011 3941 1249 4009 successores,
1281 3913 1343 4013 qui
1367 3937 1429 4012 po·

315 4035 387 4109 tius
411 4032 550 4108 lucrum
576 4047 611 4108 et
636 4034 814 4132 fraudem,
845 4062 954 4138 quam
990 4061 1174 4136 aegrorum
1211 4032 1362 4106 salutem
1392 4044 1429 4104 et

315 4151 433 4228 studia
449 4151 548 4228 eonli
564 4151 773 4228 habuemut.
790 4153 996 4230 Universirn
1019 4169 1178 4255 tempore
1203 4148 1430 4251 Reipublicae

316 4268 447 4343 liberae
471 4269 647 4344 medicina
672 4272 803 4344 mirum
830 4273 868 4344 13
899 4272 1050 4347 modum
1079 4273 1257 4373 despicate
1286 4267 1430 4342 131131-

317 4411 388 4488 que
424 4401 628 4502 contemta,
663 4389 712 4462 ita
742 4404 810 4484 ut,
840 4391 964 4463 Pcmro
997 4393 1069 4492 jam
1099 4413 1217 4460 amare
1240 4395 1431 4486 querente,

301 4531 341 4615 ,a
377 4505 567 4608 peregrinis
603 4517 741 4580 tantum
774 4507 954 4589 fortunam
992 4506 1234 4603 venantibus,
1273 4501 1432 4596 libertis,
