3264 5194
318 352 331 402 r
362 351 387 400 o
522 361 527 372 =

308 353 383 546 pile
406 443 529 544 dolet3
559 472 580 522 e
614 471 741 523 somno
775 451 915 552 saepius
947 445 1211 550 expergefactus
1245 443 1431 520 reficimte

309 576 412 636 vacat
435 563 573 664 quiete;
597 563 700 638 rubet
725 567 762 638 iu
788 567 911 661 vultur
933 591 1059 668 parum
1085 563 1240 664 adpetit3
1262 561 1428 662 linguam

309 680 417 754 refert
442 681 627 758 humidam
651 687 697 756 et·
712 681 947 778 albicantem
968 707 1032 782 per
1057 681 1151 757 vices
1175 679 1316 781 angitur
1339 705 1434 752 com

312 823 418 870 sensu
454 800 648 899 oppressiri
685 798 819 874 doloris
851 801 890 874 in
924 813 1072 896 sternoq
1107 799 1237 894 tussit,
1267 811 1303 871 et
1335 823 1433 898 pau·

315 942 398 992 cum
424 943 569 992 murum
593 918 823 1019 purilormem
848 932 987 1020 sputat3
1016 919 1055 991 iu
1089 915 1299 992 utrumlibet
1320 913 1435 990 cubat

313 1034 435 1133 latus3
458 1037 611 1112 interdiu
641 1030 821 1112 tantillum
846 1037 963 1134 caletq
993 1035 1116 1142 pulsus
1150 1027 1294 1110 exbibet
1321 1049 1433 1110 uam-

311 1155 445 1230 ralibus
470 1181 597 1257 parum
621 1158 796 1233 citatiores
813 1213 824 1254 ‚
847 1157 994 1259 rhytmo
1010 1183 1052 1232 ac
1069 1171 1228 1258 tempore
1244 1153 1435 1258 aequales,

310 1273 492 1350 moderate
516 1273 635 1348 fortes.
663 1275 811 1377 Vesperi
845 1269 951 1350 febrit
986 1273 1033 1352 ad
1067 1271 1278 1350 concubium
1311 1297 1430 1372 usque

313 1408 542 1468 noctem-
567 1393 760 1491 Morbum,
809 1417 850 1469 ro
874 1392 970 1468 lauta
1000 1393 1290 1494 peripneumonia
1325 1388 1433 1463 laabi-

312 1527 418 1608 tum,
442 1513 597 1592 decoctis
622 1513 901 1615 mucilaginosis,
938 1513 1196 1614 eccoproticis,
1229 1524 1268 1586 et
1302 1508 1435 1582 leniter·

312 1631 534 1735 diapuoicis,
558 1657 625 1707 nec
652 1657 726 1708 nou
750 1633 865 1708 diaeta
896 1629 1166 1706 adcommodata
1202 1627 1433 1704 dicundum

311 1749 570 1854 proposuimus.
595 1751 731 1828 Triduo
754 1749 1111 1851 exacto-vespertinis
1139 1749 1236 1823 horis
1266 1749 1433 1840 insuetus¹

313 1867 519 1944 accenditur
542 1895 750 1969 urgeamus,
774 1895 858 1944 cum
881 1868 1120 1970 respirationis
1144 1865 1304 1941 molestia
1321 1921 1333 1961 ,
1353 1863 1433 1966 pal·

312 1986 483 2086 pitatione
500 1985 636 2084 cordis,
652 1985 811 2088 pulsibus
827 1986 1022 2088 quidquam
1036 1983 1304 2084 irregularibus,
1320 1997 1431 2084 atque

313 2099 427 2176 inrito
452 2105 601 2204 suspiria
626 2103 789 2178 trahendi
825 2105 1021 2180 conamine.
1045 2104 1201 2177 secatur
1237 2127 1356 2196 vena,
1393 2115 1432 2175 et

314 2218 463 2294 emulsio
488 2217 756 2321 amygdalarum
787 2247 870 2296 cum
894 2222 989 2296 nitro
1019 2219 1279 2324 praescribitur.
1303 2219 1369 2294 Die
1396 2217 1431 2293 5.

314 2339 474 2412 remissio
504 2352 786 2440 symptomatum
819 2341 992 2415 omnium.
1028 2339 1098 2415 Die
1128 2339 1164 2416 6.
1197 2363 1320 2414 recens
1356 2339 1427 2414 sub

314 2483 501 2560 vesperam
525 2459 767 2556 exacerbatio,
791 2465 892 2563 cujus
917 2487 1022 2536 causa
1052 2459 1171 2536 denuo
1195 2462 1323 2536 vuncias
1348 2475 1436 2536 octo

321 2577 456 2651 cruoris
480 2575 583 2651 educi
607 2579 818 2652 curavimus.
843 2578 990 2679 Sanguis
1015 2592 1191 2654 extractus
1226 2592 1369 2652 tenuem
1395 2593 1434 2653 et

320 2693 582 2770 mollius'culam
606 2693 772 2773 formarit
793 2712 958 2772 summm.
988 2699 1172 2774 Continua
1205 2724 1329 2795 nunc,
1364 2701 1431 2772 etsi

315 2839 390 2890 non
415 2815 617 2914 gravissima
642 2829 744 2916 urget
768 2817 922 2892 anacletus
947 2830 984 2891 et
1016 2817 1180 2918 inquies,
1214 2817 1273 2890 cui
1306 2813 1427 2890 suble-

319 2930 457 3008 vandae
482 2959 584 3032 aeger
607 2931 646 3006 iu
670 2931 764 3009 letto
787 2931 858 3010 huc
892 2933 977 3008 illuc
1012 2937 1216 3038 jactitatur,
1251 2959 1436 3036 ao1saepe
1522 3023 1525 3028 ι

316 3048 535 3149 profundum
562 3052 760 3128 transitorio
785 3077 868 3126 cum
884 3051 1058 3127 levamine
1075 3049 1230 3127 adtrahit
1245 3052 1436 3153 spiritum,

316 3192 384 3241 nec
408 3169 593 3242 minimam
617 3167 688 3244 subv
709 3168 884 3271 ejusmodi
907 3172 1034 3246 iterato
1059 3171 1253 3244 tentamine
1282 3194 1456 3270 querens·

317 3284 542 3382 molestiam3
567 3288 670 3360 tussis
695 3287 817 3386 nulla3
841 3287 956 3363 cordis
990 3287 1175 3390 palpitatio
1210 3285 1405 3388 aequabilis
1418 3317 1434 3383 ς

317 3400 440 3503 pulsus
465 3429 530 3503 per
552 3404 647 3476 vices
673 3419 813 3479 tautum
844 3404 1083 3506 irregulariter
1120 3405 1319 3500 micantesg
1355 3427 1434 3476 mo·

316 3532 530 3617 mentanea,
553 3519 641 3595 dum
665 3523 776 3622 surgit
800 3549 928 3623 aeger,
952 3522 1157 3598 scotodiuia.
1189 3523 1222 3597 E
1243 3517 1431 3624 'syndroue

317 3636 447 3714 horum
471 3637 798 3739 plraenomenorum
823 3647 894 3742 jam
919 3640 1017 3721 clare¹
1038 3641 1148 3716 eluxit
1165 3697 1189 3738 ‚,
1203 3641 1433 3742 praecipuam

318 3754 519 3855 passiquem
543 3756 581 3828 in
606 3756 819 3856 praecordiis
844 3784 942 3855 esse,
972 3759 1158 3860 pulmones
1181 3784 1269 3834 vero
1293 3758 1456 3832 nonnisi·

319 3871 551 3969 secundario,
575 3887 612 3948 et
635 3876 1034 3976 symptomaticomodo
1048 3876 1267 3952 consortium
1283 3875 1436 3948 inivisse

321 3989 488 4066 Morbum
511 4017 577 4092 pro
601 3993 768 4067 comitile
792 3992 887 4067 lenta
911 3993 1194 4090 declaravimus,
1228 3993 1316 4093 quin
1351 4015 1436 4064 eum

320 4123 439 4184 tamen
464 4110 509 4183 ab
534 4112 632 4186 omui
667 4110 844 4186 effusionis
883 4137 1021 4188 serosae
1056 4111 1256 4212 suspicione
1290 4133 1436 4211 prorsus

319 4228 472 4308 liberum
495 4228 732 4306 habuerimus.
756 4273 808 4289 -
831 4232 990 4332 Digitalis
1016 4229 1194 4335 pur-piures
1219 4256 1286 4333 pro
1311 4243 1436 4303 nostro

321 4371 403 4419 casu
429 4373 568 4422 somme
591 4347 761 4424 idoneum
785 4349 972 4424 ridebatur
995 4350 1241 4452 plrarmacon3
1266 4353 1342 4450 ejus
1367 4347 1436 4420 ita-
1465 4419 1470 4428 ,

321 4488 390 4561 quc
415 4463 570 4541 inlusum
596 4481 792 4546 saturatum
807 4494 839 4570 c
862 4467 1030 4546 drachma
1056 4493 1126 4542 una
1158 4465 1208 4544 ad
1239 4465 1437 4543 solaturam
