3252 5166
206 507 292 576 ceras
331 501 477 603 magna·
516 451 678 580 tribuere
715 525 789 576 non
835 499 1093 578 haesitavimus.
1134 401 1315 572 liemaidil

207 637 326 696 tamen
349 623 503 723 suspicio
515 677 525 718 ‚
539 621 697 696 'scabiem
713 618 881 694 rebellem
896 631 934 693 et
959 618 1176 712 numnam,
1203 639 1312 716 quam

206 766 309 842 aeger
334 757 416 818 ante
441 740 576 843 aliquot
599 767 709 818 annos
733 765 856 844 passus
886 753 963 836 est,
993 761 1136 839 genuen
1164 735 1326 836 ancujus

206 859 457 961 caeoeliymiae
487 860 665 961 posuisse,
697 873 734 933 et
770 857 817 932 ad
850 870 1072 959 praesentem
1102 849 1315 928 anomaliam

204 975 449 1076 quadantenus
482 973 681 1050 contulisse.
712 975 921 1050 Taediosam
956 999 1077 1048 curam
1111 995 1179 1046 usn
1210 966 1314 1044 calo-
1381 1063 1388 1074 ·
1450 1007 1452 1012 =

204 1093 380 1190 melanos,
394 1094 698 1195 gargarismatibns
722 1091 1037 1195 artemonibus,
1053 1104 1159 1192 atque
1180 1086 1316 1190 Lepide

205 1202 389 1306 infernali,
412 1232 484 1312 quo
508 1209 614 1286 luridi
648 1211 776 1286 ulceris
805 1210 1004 1287 lardaceam
1033 1199 1254 1312 superficiem
1278 1218 1316 1280 et

206 1327 354 1406 callosus
378 1331 552 1431 margines
576 1327 755 1433 quotidie,
778 1352 917 1406 summa
941 1345 1062 1406 tamen
1085 1329 1316 1427 eimumspee·

205 1447 303 1519 tione
327 1446 421 1548 tangi
446 1445 631 1548 jussimus,
656 1439 770 1523 donee
794 1443 907 1523 laetus
930 1447 969 1523 in
993 1443 1105 1524 fundo
1121 1457 1158 1520 et
1178 1441 1316 1518 ambitu

204 1560 369 1662 adparuit
392 1561 522 1661 nabor,
545 1557 638 1640 lelioi
662 1567 781 1640 omine
805 1559 1027 1668 perfecimus.
1190 1577 1197 1588 '

253 1679 393 1782 Reliqui
416 1705 518 1758 easus
541 1681 737 1785 sporadiei,
752 1683 821 1760 hoe
837 1707 959 1762 mense
974 1681 1094 1780 obvii,
1109 1701 1198 1783 quoa
1221 1677 1315 1752 inter

204 1793 407 1901 henuplegia
418 1848 434 1893 ,
468 1801 670 1904 apoplexiae
693 1797 945 1904 posthumum,
968 1800 1085 1876 utoeo
1109 1819 1249 1874 aenaea
1268 1793 1315 1871 ad

202 1919 448 2018 praeputium,
471 1931 508 1991 et
530 1909 785 1993 manamaur
808 1944 828 1994 e
857 1911 993 1996 Taenia
1017 1914 1155 1994 &tum
1164 1959 1181 2006 ,
1203 1909 1313 2017 parti·

204 2032 315 2108 oulen
338 2035 518 2110 mentione
542 2059 615 2112 non
640 2049 725 2110 aunt
748 2035 854 2137 digni.

436 2265 846 2430 Februanto
894 2271 1082 2408 1818.

605 2565 787 2626 mmet
900 2571 1042 2627 sam-aas
1106 2569 1270 2650 aymus

201 2741 360 2819 Altitudo
371 2743 654 2833 manmena-t-
669 2767 705 2843 9.
740 2767 774 2820 o.
812 2743 939 2836 ponass.
973 2767 1009 2842 9.
1045 2739 1080 2816 6.
1114 2739 1249 2840 pan93.

201 2859 700 2936 Altitudominima.»-r.
735 2859 770 2936 5.
836 2893 853 2928 n
879 2880 936 2962 27.
975 2885 1008 2933 a.
1045 2857 1079 2934 5.
1154 2855 1246 2931 »aa

202 2973 770 3078 Altitudomedia..n·1-a.9a.
836 3007 855 3046 s
879 2971 937 3052 28.
980 3001 1008 3050 ι.
1052 3001 1081 3050 1.
1156 2971 1310 3078 »79-41·
1411 3058 1413 3065 .

201 3091 417 3167 vicissitudo
442 3092 594 3166 maxima
665 3094 699 3168 8.
738 3093 773 3170 3.
907 3119 937 3168 ι.
975 3093 1008 3168 3.
1044 3091 1078 3168 3.
1189 3091 1248 3185 dr.

217 3207 594 3310 intranycahememm
649 3217 781 3290 (neq)
864 3216 1086 3285 (tassetan)
1142 3213 1270 3284 (aen)

200 3324 309 3399 Venti
332 3324 567 3400 dominantes:
592 3323 768 3417 Favonii,
790 3323 939 3420 Solnrti,
962 3321 1030 3398 sub
1059 3323 1167 3398 linem
1190 3319 1308 3425 Aqui·

249 3441 388 3517 hames
411 3443 609 3544 impetuosi.

199 3557 397 3634 Exordium
421 3559 552 3635 mensis
590 3585 754 3663 asperum
778 3573 815 3635 et
838 3560 1061 3658 inconstans3
1084 3555 1197 3634 nubes
1221 3555 1307 3632 den·

197 3703 282 3776 sae,
316 3677 460 3756 alternis
493 3681 752 3782 propemodum
785 3679 909 3757 diebus
937 3681 976 3754 in
1009 3677 1147 3781 pluvias
1172 3677 1307 3754 resolu-

197 3810 282 3894 tae3
301 3796 413 3897 'frigus
438 3797 533 3872 mite.
557 3799 624 3872 Die
654 3797 708 3873 15.
733 3797 801 3874 tuit
834 3798 926 3872 ruris
961 3795 1193 3899 aliquantum.
1230 3796 1308 3868 Me·

196 3913 377 3988 morabilis
401 3928 477 3989 erat
500 3914 575 3990 dies
610 3915 666 3990 23.
701 3943 773 4017 qua
806 3912 1011 3990 mercutius¹
1036 3913 1227 3990 barometri
1261 3911 1307 3986 ab

195 4032 326 4134 insigni
361 4033 556 4110 elevatione
590 4035 673 4137 poll
712 4037 769 4111 28.
803 4061 838 4136 9.
873 4033 899 4110 6
933 4035 1005 4110 diei
1038 4031 1308 4137 praeeedentis,

195 4159 316 4255 (quae
340 4158 491 4230 maxima
516 4156 583 4232 luit
606 4158 650 4266 in.
669 4169 746 4234 toto
770 4163 892 4252 anno)
918 4155 966 4232 ad
992 4181 1048 4259 ²7·
1073 4154 1108 4230 6.
1135 4153 1157 4228 3
1183 4151 1306 4228 subse·

144 4373 148 4379 Ι
195 4273 276 4370 dit,
300 4277 455 4378 spirante
478 4277 621 4378 ligore
645 4276 874 4374 vehementi,
906 4279 1107 4378 iterumque
1129 4287 1212 4376 post
1234 4287 1308 4347 me-

195 4391 323 4468 ridiem'
346 4393 393 4470 ad
418 4397 475 4471 28.
500 4397 534 4470 8.
561 4421 583 4470 2
618 4395 826 4494 adscendit,
859 4395 1087 4499 hygrometro
1120 4393 1255 4493 interea
1282 4417 1305 4467 a

195 4509 348 4588 mamma
372 4507 558 4589 altitudine
582 4511 630 4617 93
658 4511 857 4616 graduum,
881 4511 928 4592 ad
957 4511 1141 4592 minimam
1167 4507 1214 4589 52
1240 4507 1305 4588 de·
