3264 5194
320 327 390 404 136

313 445 446 519 isthaec
469 442 592 519 narsus
614 439 802 517 excanduit
823 439 884 516 illa
908 437 1062 540 derbta,
1086 441 1237 518 arduum
1259 441 1421 544 prolecto

312 559 403 636 foret
426 585 585 662 peanum.
609 558 772 632 Fortasse
796 583 839 633 ex
862 559 981 634 indole
1006 561 1189 660 utriusque
1222 559 1430 634 diatbeaeos-

310 679 419 782 paulo
436 681 591 754 curatius
606 678 826 752 considerata
842 677 1112 780 phaenomenon
1136 679 1226 754 illud
1244 679 1419 778 singulare

308 797 552 897 quadantenus
575 793 721 895 intelligi
745 796 886 896 posset?
909 795 1082 871 Novimus
1105 795 1204 870 illam
1228 799 1419 896 organismi
1488 845 1493 854 ·

309 915 571 1010 conditionem,
594 939 684 1014 quae
709 913 865 988 febribus
888 914 1201 988 intermittentibus
1226 914 1421 1012 auscultat,

308 1033 347 1106 in
371 1032 538 1132 languore
568 1030 773 1106 efficientiae
807 1035 1004 1128 nervosae,
1038 1033 1149 1106 vitam
1185 1033 1420 1130 vegetativam

308 1147 600 1250 gubemnntis‚
569 1171 715 1249 ejusque
731 1147 920 1224 cretbismo
945 1151 1144 1224 consistere.
1167 1147 1419 1249 Phlogisticam

308 1280 432 1340 contra
455 1263 629 1340 diathesin
653 1263 870 1365 distinguit
860 1267 1073 1341 incitationis
1097 1263 1240 1362 vitalis,
1269 1277 1306 1340 et
1338 1291 1420 1366 spe-

308 1385 429 1458 ciatim
451 1381 692 1457 initabilitatis
708 1397 950 1520 augmentum,
961 1409 1044 1484 ergo
1059 1397 1171 1456 status
1186 1383 1296 1484 priori
1319 1384 1420 1482 quasi

307 1527 329 1577 e
352 1503 526 1578 drametro
550 1505 759 1604 oppositus,
782 1503 871 1604 qui,
893 1504 924 1576 si
954 1501 1086 1578 fabrilia
1116 1511 1187 1576 una
1221 1504 1420 1578 concitatur

306 1619 586 1716 effervescentia,
606 1620 694 1696 alius
719 1647 903 1723 processus
919 1621 1070 1723 pyretici
1086 1633 1419 1722 contemporaneum

307 1723 546 1814 evolutionem
570 1737 824 1841 impossibilem
853 1739 978 1812 reddit
1004 1739 1092 1832 Quis
1122 1741 1217 1812 enim
1247 1737 1335 1812 duas
1366 1739 1417 1813 le-

306 1857 387 1932 bres
412 1858 550 1931 criticas
574 1859 612 1930 in
637 1857 763 1932 codem
787 1856 990 1954 individuo,
1014 1870 1051 1930 et
1073 1857 1151 1957 pari
1175 1869 1334 1956 tempore
1359 1857 1428 1932 de·

307 1987 487 2048 currentes
511 1973 736 2048 admitteret?
753 1974 841 2067 Quia
858 1995 931 2048 non
947 1974 1134 2074 perspiciet
1145 2029 1155 2068 ‚
1168 1973 1418 2071 individuum,

307 2091 406 2192 quod
428 2095 500 2192 jam.
524 2090 648 2188 febrit,
672 2117 802 2164 novam
827 2089 961 2164 febrem
985 2089 1103 2196 subire
1128 2115 1201 2165 non
1225 2091 1352 2190 posse?
1366 2134 1417 2150 -

308 2209 582 2310 Quamprimum
605 2234 690 2283 vero
713 2210 866 2310 impetus
894 2208 1185 2284 inflammatorius
1201 2208 1307 2284 luerit
1329 2209 1416 2285 frac-

193 2319 197 2331 ’
308 2339 389 2424 tus,
414 2325 503 2401 nihil
527 2327 665 2424 obstat,
689 2341 730 2401 ιιι
754 2329 977 2430 consopitum
1002 2330 1135 2404 interea
1151 2351 1294 2429 germen
1310 2327 1414 2403 febris

310 2448 573 2521 luttermittentis
597 2445 715 2521 denuo
739 2448 935 2524 reviviscat.

355 2563 470 2640 Priori
502 2563 605 2662 longe
636 2563 752 2636 adbuc
784 2564 979 2664 graviorem
1008 2563 1284 2666 pneunaouitu'du
1320 2573 1423 2642 uarie.

307 2708 429 2758 casum
453 2682 612 2758 exhibuit
634 2707 781 2785 sporum
806 2707 853 2758 ao
878 2709 1069 2780 annorum,
1085 2710 1174 2786 quae
1191 2685 1249 2760 die
1271 2709 1324 2784 19.
1341 2684 1410 2760 No·

306 2799 485 2898 vembris,
509 2799 547 2875 et
571 2800 604 2875 3.
628 2798 758 2898 morbi,
781 2815 822 2874 ut
841 2800 979 2875 'clinicis
1004 2803 1218 2903 reciperetur
1245 2801 1415 2896 aedibus,

306 2919 407 2992 enixe
431 2916 614 3018 rogitabat
643 2917 745 2991 Vena
776 2918 884 2993 octies
918 2919 1010 2992 intra
1045 2917 1304 2992 hebdomadam
1333 2945 1415 3020 per-

306 3049 408 3132 tusa,
432 3035 680 3137 eoooprcticis,
704 3033 846 3108 emrrlsis
871 3036 1028 3132 nitratis,
1043 3049 1080 3109 et
1103 3037 1300 3136 sinapismis
1318 3037 1415 3110 omni

241 3249 242 3253 Ἰ
305 3180 452 3256 vespera
474 3155 632 3256 repetitis
656 3177 729 3228 non
753 3154 861 3229 modo
886 3180 1024 3228 summa
1047 3155 1203 3256 spirandi
1228 3154 1422 3229 difficultas

304 3271 552 3369 minuebatur,
576 3273 639 3348 sed
664 3274 769 3347 etiam
798 3273 928 3349 virium
962 3275 1155 3349 mactiones
1189 3275 1417 3376 pertinaciter

303 3415 510 3492 suppressae
533 3387 796 3486 liberabantur,
820 3403 861 3463 nt
885 3390 1010 3486 crisis,
1038 3415 1147 3491 quam
1170 3390 1228 3464 die
1262 3392 1415 3492 septimo

305 3505 433 3580 frustra
457 3505 735 3606 expectavimus,
764 3505 821 3579 die
846 3531 942 3581 nono
966 3508 1088 3607 perfici
1115 3507 1280 3608 potuerit.
1315 3507 1413 3580 llesi·

306 3621 419 3696 duum
441 3621 666 3722 languorem,
681 3638 763 3724 post
786 3623 919 3697 luctam
944 3623 1032 3698 adeo
1057 3651 1175 3698 acrem
1198 3625 1258 3699 ιιιι
1282 3625 1414 3700 evitan-
1534 3651 1542 3670 ·

305 3737 392 3812 dum
415 3736 619 3841 pulveribus
644 3739 907 3842 camphoratis,
935 3753 972 3814 et
1006 3739 1148 3816 modico
1182 3741 1413 3818 nutrientium

304 3887 371 3934 usu
396 3861 620 3935 correximus.

353 3975 522 4078 Reliquae
556 3977 865 4079 peripneumoniae
899 3977 968 4052 lroc
1001 4005 1121 4054 mense
1154 3979 1257 4068 nobis
1291 3980 1440 4076 visae,

263 4131 267 4146 ·
304 4097 465 4196 quamvis
489 4097 743 4194 vehementes,
767 4099 811 4172 de
830 4097 1033 4173 catarrhosa
1058 4099 1241 4174 manifeste
1274 4101 1413 4202 partici-

302 4213 437 4314 pabant
460 4215 585 4289 indole.
609 4215 778 4290 Pervicax
808 4218 897 4292 cutis
930 4218 1071 4294 ariditas
1105 4217 1302 4319 principem
1336 4243 1411 4318 ges·

303 4328 387 4402 sisse
412 4327 598 4403 videbatur
622 4329 763 4432 culpam
798 4331 1007 4408 characteris
1042 4335 1207 4430 nervosi,
1243 4361 1351 4434 quem
1373 4336 1423 4408 in·
1454 4357 1458 4367 ·

303 4443 481 4521 nonnullis
522 4447 659 4522 casibus
699 4449 880 4552 inopinato
920 4448 1101 4527 evolutum
1137 4449 1412 4529 observavimus.
