3264 5194
299 347 368 442 aad

290 467 390 544 iniria
414 463 579 566 badagare
604 467 633 540 si
659 466 844 564 adniteris,
868 493 908 542 ea
936 465 1009 542 lere
1025 479 1166 567 semper
1189 467 1227 539 in
1252 461 1403 540 madidis

290 581 437 656 stabulis
471 585 638 658 invenies.
673 583 842 658 Evolutio
877 581 1040 684 pustulae
1074 583 1264 679 vaecinae,
1298 595 1406 682 atque

291 690 358 774 rur
377 719 516 795 aptam
552 727 725 802 equorum
749 702 787 774 in
821 703 970 778 eandem
1004 700 1199 803 plurimum
1239 701 1405 774 incidunt

290 816 474 918 epocham.
498 817 607 894 Felici
632 819 699 892 sub
723 845 843 893 rerum
867 820 1001 916 omine,
1026 834 1063 893 et
1087 831 1299 919 cooperante
1324 817 1403 890 ido-

290 959 358 1008 nea
393 959 478 1008 cura
511 935 801 1038 prophylaetica,
834 938 1035 1036 contagiosa
1070 937 1227 1037 germina
1262 935 1404 1034 inipso

291 1050 372 1128 loco
395 1053 504 1127 natali
529 1055 769 1152 suffocantur,
792 1081 908 1156 neque
940 1057 1044 1128 unius
1079 1053 1268 1134 alteriusve
1298 1050 1404 1126 villae

292 1169 468 1246 cancellos
503 1172 754 1270 egrediuntur,
787 1197 888 1246 secus
925 1197 990 1273 per
1024 1171 1191 1244 firntimos
1225 1167 1407 1268 divulgata

291 1313 399 1388 pagos
423 1286 504 1388 plus
530 1290 691 1362 mitiusve
708 1289 863 1363 funestas
880 1288 1095 1390 pestilentias
1116 1289 1282 1388 gignunt,
1307 1313 1407 1360 eous

293 1431 363 1505 que
401 1403 606 1503 duraturas,
647 1405 761 1480 donec
802 1408 958 1508 pervasis
999 1405 1163 1481 omnibus
1188 1403 1408 1496 individuis,

292 1524 392 1622 queis
428 1522 544 1624 aliqua
579 1523 745 1598 morbum
779 1523 954 1598 subeundi
989 1522 1137 1598 facultas
1174 1524 1289 1617 inest,
1318 1520 1406 1594 defi·

292 1641 407 1714 ciente
431 1639 563 1741 pabulo
597 1656 723 1742 sponte
757 1643 998 1738 emoriantur,
1038 1641 1097 1716 vel
1131 1665 1284 1740 congrua
1321 1665 1407 1741 pro-

291 1757 437 1860 phylaxi
462 1761 718 1857 extinguantur.
743 1759 880 1834 Bovilia
908 1761 1035 1859 igitur,
1071 1784 1162 1858 quae
1197 1757 1407 1857 possessori-

292 1874 383 1970 bus,
407 1889 444 1949 et
466 1877 694 1977 praediorum
718 1877 991 1952 conductoribus
1023 1875 1234 1978 palmarium
1258 1873 1407 1975 opulen-

293 1993 363 2068 tiae
389 1993 543 2090 fontem,
567 2010 605 2071 et
628 1997 880 2097 cornucopiam
914 1996 1134 2096 largiuntur,
1167 1995 1303 2068 miseris
1332 2019 1408 2066 ser-

293 2111 348 2187 vis
382 2111 570 2214 multiplici
603 2113 736 2188 intuitu
773 2111 971 2188 lethiferam
1012 2111 1196 2188 Pandorae
1237 2110 1408 2213 pyxidem

293 2229 476 2330 praebent.

345 2346 428 2437 Quo
452 2346 561 2446 magis
586 2345 755 2422 adolescit
769 2373 855 2444 ver,
870 2373 914 2421 eo
933 2347 1043 2446 magis
1064 2345 1275 2420 inerebeseit
1289 2347 1408 2448 aequi*

294 2461 505 2536 noctionalis
530 2463 724 2563 epidemiae
753 2465 962 2565 imperium,
992 2461 1143 2537 febrium
1173 2463 1410 2536 intermitten—

296 2584 389 2656 tium
413 2597 450 2657 et
474 2585 702 2684 gastricarum
736 2611 886 2660 numero
920 2586 1103 2685 basiguiter
1138 2599 1262 2681 aucto,
1296 2584 1413 2659 donee

181 2696 184 2705 ’
295 2703 517 2778 subintrante
542 2705 682 2780 aestatis
708 2705 845 2780 fervore
862 2705 1043 2778 character
1059 2703 1275 2805 epidemicus
1291 2729 1412 2776 recen-

295 2839 370 2900 tem
385 2827 552 2901 sortiatur
567 2827 807 2902 variationem
823 2823 954 2900 Febres
970 2823 1196 2926 quotidianae
1211 2837 1412 2919 rarescunt,

295 2969 487 3046 canamque
511 2944 592 3021 loeo
616 2945 917 3056 lreqqentissimae
948 2958 1139 3044 exsurgunt
1164 2945 1354 3040 tertianae,
1375 2955 1412 3016 et

295 3060 547 3136 hemitritaeae
573 3061 763 3160 Saburrae,
787 3089 878 3164 quae
903 3063 1080 3136 continuis
1100 3061 1247 3160 pariter,
1271 3085 1313 3132 ac
1338 3059 1412 3134 dia-

294 3176 420 3279 lipyris
444 3179 656 3274 atllraerent,
680 3181 719 3254 in
743 3181 918 3281 principio
942 3178 1060 3254 adhuc
1081 3178 1285 3279 pituitosae,
1300 3179 1412 3252 serius

294 3293 463 3393 biliosae,
491 3312 554 3372 aut
586 3293 780 3372 bilisormes
821 3299 933 3394 liunt,
965 3297 1085 3399 prouti
1118 3295 1176 3372 vel
1210 3295 1313 3392 bilis,
1353 3292 1413 3374 vel

295 3411 456 3487 humoris
481 3416 764 3514 gastm-enterici
794 3415 936 3490 uberior
969 3416 1116 3490 secretio
1147 3411 1327 3486 sordidam
1351 3437 1411 3512 ge·

295 3531 415 3604 nuerit
439 3531 639 3607 colluviem.

345 3647 573 3732 Eminentem
596 3647 849 3724 insalubritatis
875 3649 1023 3749 gradum
1045 3675 1127 3748 ager
1149 3659 1271 3722 noster
1295 3645 1413 3719 adtin-

297 3764 348 3862 git
377 3763 558 3839 mensibus
582 3767 767 3866 dugusti,
803 3781 840 3840 et
877 3765 1101 3869 Septembris.
1138 3767 1414 3840 Matureseeutes

296 3881 391 3955 inter
414 3896 546 3981 segetes
570 3882 714 3984 languet
729 3883 900 3959 sollicitus
916 3883 1052 3981 cultor,
1070 3885 1275 3986 smctusque
1295 3884 1415 3958 decer-

297 3999 417 4104 pendo
441 3999 604 4076 laborum
628 4003 726 4078 baud
749 4029 830 4078 raro
860 4005 916 4077 sui
950 4027 1075 4076 necem
1111 4015 1223 4104 parat
1258 4002 1415 4076 Funesta

297 4145 395 4194 nunc
422 4120 573 4196 febrium
597 4123 773 4197 incumbit
797 4123 939 4220 cohors,
964 4148 1006 4197 ac
1031 4123 1161 4223 passim
1190 4148 1255 4222 per
1286 4121 1438 4220 vulgus·

297 4253 499 4339 grassatur,
515 4253 556 4313 ut
570 4242 726 4341 integrae
743 4241 896 4316 familiae
908 4257 1068 4342 tempore
1092 4241 1215 4318 messis
1240 4239 1417 4334 febriaut,

297 4357 510 4458 densiorque
535 4359 596 4434 liat
620 4360 876 4460 aegrotantium
900 4385 1090 4456 numerus,
1112 4385 1184 4460 quo
1219 4357 1317 4432 urbis
1343 4357 1414 4430 No-

297 4477 494 4551 soeomium
518 4476 695 4582 impletur.
719 4479 865 4552 Praeter
886 4479 975 4552 iram
992 4479 1114 4553 vesani
1135 4478 1266 4552 Leonis
1291 4475 1416 4550 discri-
