3264 5194
1239 363 1305 464 nh

198 485 424 586 lacrymatio,
440 483 589 558 totidem
613 496 697 556 sunt
721 481 985 582 phaenomena,
1001 483 1037 554 in
1064 497 1184 557 nostro
1201 484 1308 560 ctiam

197 628 280 675 casu
317 601 521 696 observata,
557 627 709 700 quorum
746 600 845 698 origo
878 625 898 670 e
933 600 1082 699 graviori
1107 603 1308 701 systematis

197 723 324 796 ciliaris
348 721 428 796 labe
454 724 530 795 sine
559 722 699 821 negotio
731 719 965 820 intelligitur,
988 722 1018 792 si
1049 724 1245 796 anatomica
1272 737 1310 794 et

195 841 436 943 physiologica
460 845 536 941 ejus
560 839 711 940 dignitas
734 840 853 914 animo
890 838 1125 940 pervolvatur.
1151 840 1310 914 Ubicun-

197 983 267 1057 que
292 983 376 1033 vero
401 956 601 1031 auxiliarius
627 956 814 1057 adparatus
839 955 987 1030 sensifer
1012 954 1106 1031 oculi
1136 955 1310 1054 laeditur,

197 1078 273 1176 ipsa
303 1075 448 1150 facultas
473 1075 637 1171 videndi,
663 1073 746 1148 licet
769 1073 829 1148 alii
854 1099 984 1168 nervo,
1008 1075 1140 1176 quippe
1171 1077 1311 1177 optico,

197 1193 365 1289 insideat,
399 1195 555 1294 patiatur
585 1219 727 1268 necesse
759 1207 835 1290 est,
863 1192 1045 1268 individua
1080 1195 1176 1267 enim
1212 1193 1308 1266 oculr

197 1312 293 1406 vita,
316 1309 445 1412 illaque
469 1311 693 1384 instrumenti
717 1311 897 1410 integritas
922 1313 1108 1410 organica,
1131 1313 1207 1384 siue
1238 1337 1308 1412 qua

197 1429 286 1502 visio
316 1427 540 1528 impossibilis
571 1428 681 1524 soret,
705 1428 809 1500 unice
839 1453 860 1500 a
889 1427 998 1504 ciliari
1023 1443 1214 1529 systemate
1245 1427 1308 1524 do7

196 1547 337 1648 pendet
363 1551 482 1640 Quam
506 1547 553 1623 oh
578 1574 653 1624 rem
677 1545 832 1625 illibatus
862 1573 1005 1624 manem
1030 1550 1160 1649 poterit
1184 1549 1308 1648 organi

196 1680 328 1761 status,
352 1666 488 1740 etiamsi
512 1667 612 1740 nervi
637 1665 745 1765 optici
776 1680 813 1740 et
837 1667 971 1740 retinas
996 1665 1153 1766 plenaria
1187 1665 1309 1742 locum

197 1783 343 1858 haberet
376 1783 570 1880 resolutio,
606 1785 791 1884 omnisque
831 1785 912 1860 ideo
949 1785 1039 1860 visio
1083 1785 1309 1888 aboleretur,

196 1928 380 2002 uunquam
405 1927 489 1976 vero
514 1901 675 2003 specifica
701 1901 830 1975 haecce
856 1900 1003 1976 facultas
1022 1905 1187 1976 sensitiva
1213 1903 1309 1988 vido-

196 2018 293 2092 bitur
316 2033 508 2121 superstes,
532 2019 595 2093 ubi
619 2019 808 2122 adparatus
831 2046 1023 2098 nervomm
1048 2023 1309 2122 organicorum,

196 2139 270 2212 sive
295 2137 468 2212 ciliarium
493 2137 654 2216 altiorem
683 2140 817 2242 patitur
840 2140 1091 2216 infirmitatem
1126 2141 1308 2216 Hactenus

197 2255 242 2328 dc
276 2255 615 2357 ophthalmodyniae
650 2256 849 2356 substrmo,
878 2255 978 2360 quod
1007 2257 1123 2334 morbi
1142 2257 1307 2360 sonim

197 2373 412 2447 adamussim
436 2373 597 2450 illustrat.
881 2469 885 2477 Ι

245 2493 366 2592 Longe
396 2493 588 2595 majoribus
613 2507 738 2570 contra
762 2492 1028 2570 difficultatibus
1053 2491 1235 2593 obsepitur
1251 2495 1306 2565 irr-

196 2612 285 2710 dago
310 2627 474 2709 naaeme,
497 2614 572 2686 sive
601 2617 769 2690 essentiae
795 2613 933 2710 morbi,
958 2613 1052 2686 illius
1073 2625 1196 2712 utpute
1228 2639 1303 2685 me·

195 2729 460 2829 tamorphoseos
496 2727 705 2826 abnormis,
744 2729 955 2831 dynamicae
998 2727 1058 2804 vel
1094 2729 1306 2827 organicae,

71 2875 76 2884 ·
194 2873 303 2947 quam
327 2847 450 2922 oculus
475 2847 513 2920 in
537 2861 659 2923 nostro
684 2873 767 2922 casu
792 2846 944 2943 subivit,
968 2859 1006 2920 ct
1024 2871 1133 2946 quam
1157 2843 1306 2946 proinde

193 2965 302 3036 etiarn
325 2965 364 3036 in
387 2963 464 3037 aliis
489 2961 731 3038 consimilibus
755 2987 954 3063 supponere
971 2961 1022 3035 ihs
1040 2974 1149 3057 esset,
1166 2959 1305 3033 atinde

194 3084 285 3156 ratio
308 3082 497 3179 decursus,
520 3081 848 3183 phaenomenorum
873 3095 909 3155 et
933 3081 1115 3175 exituum,
1138 3101 1205 3154 nec
1231 3103 1304 3157 nott

195 3199 301 3301 hujus
313 3255 325 3300 ,
356 3199 495 3274 illiusve
534 3197 700 3280 medendi
737 3197 895 3274 methodi
937 3198 1124 3272 necessitas
1165 3197 1304 3297 concipi

194 3332 310 3418 queat.
336 3317 590 3420 Qualecunque
614 3331 734 3391 autem
758 3329 939 3394 tentameu
963 3317 1039 3390 fieri
1072 3313 1201 3410 vellet,
1224 3315 1304 3390 ini.

194 3453 272 3514 tum
296 3453 473 3537 maneret,
495 3440 563 3512 nisi
587 3437 696 3513 solers
721 3463 907 3512 causarum
922 3437 1148 3511 efficientium
1170 3435 1301 3510 babea-

194 3571 253 3632 tur
276 3569 475 3657 respectus,
499 3570 605 3658 atque
629 3557 783 3658 penitior
812 3581 871 3630 eas
899 3557 992 3630 inter
1021 3569 1059 3629 et
1087 3556 1302 3657 pmductum

193 3701 301 3748 nexas
326 3675 579 3749 determinetur
594 3676 701 3776 prius.
728 3673 935 3750 Morbomm
963 3697 1135 3768 νοουμενον
1162 3673 1300 3750 divina-

191 3791 245 3870 bit
256 3819 379 3894 ncmo,
389 3795 447 3868 cui
457 3779 676 3893 nosaaologia
693 3807 730 3866 et
745 3793 933 3892 nosogenia
950 3818 1024 3865 uon
1041 3791 1146 3865 suerit
1162 3791 1301 3865 auxilio.

240 3915 405 4012 Egestas,
429 3911 534 3985 clima
559 3909 685 4008 udum,
709 3924 746 3984 ct
770 3909 867 4010 quod
898 3907 1042 4011 plurimi
1077 3923 1151 4004 est,
1187 3905 1304 3982 febres

188 4030 481 4124 intermittentes,
504 4054 569 4130 per
593 4029 685 4102 vitae
710 4025 876 4102 curriculi
907 4041 1056 4128 partem·
1073 4027 1300 4128 praecipuam
1337 4055 1341 4065 '

190 4145 299 4218 ferme
324 4146 513 4248 quotannis
539 4159 777 4241 recurrentes,
801 4147 986 4220 nostruin
1022 4171 1104 4220 casu
1130 4169 1204 4219 non
1238 4169 1300 4245 po·

189 4276 350 4360 tuerent,
373 4265 459 4365 quin
484 4265 657 4364 insignem
684 4263 790 4338 totius
806 4263 992 4338 machinae
1009 4259 1300 4356 imbecillitatem,

188 4393 226 4453 et
248 4383 456 4482 praeprimis
490 4381 689 4482 systematis
723 4378 1058 4480 nerveo-gangliaris
1094 4377 1298 4478 languorem

187 4500 414 4599 inducerent,
438 4527 511 4604 quo
544 4503 659 4605 posito
693 4501 801 4578 etiam
838 4505 952 4604 maior
989 4499 1140 4575 emicare
1175 4497 1298 4576 debuit
