3148 5170
1184 345 1255 422 265

145 465 351 570 corporibus
387 467 495 540 trium
541 463 784 542 vertebrarum
826 457 1006 563 (ultimae
1040 463 1188 540 dorsalis
1221 480 1259 538 et

144 587 296 660 duarum
321 585 569 680 lumbarium),
593 583 755 657 ichorosa
771 585 1025 686 suppuratione
1042 583 1259 683 exesa31iga·

143 721 261 777 menta
289 701 588 777 intervertelnulia
614 701 758 774 illibata.
783 703 956 793 Quamvis
981 729 1147 804 suprema
1176 727 1257 802 pars

143 824 235 894 sacci
261 821 532 921 arrevrysmatici
557 821 649 894 intra
666 819 865 894 abdominis
882 833 1025 894 antrum
1046 821 1259 914 constiterit,

16 989 21 1004 ·
143 942 306 1037 contigua
333 954 451 1028 tamen
477 952 596 1012 sertae
621 937 819 1012 tlroracicae
835 939 952 1039 portio
976 937 1169 1011 notabilem
1195 935 1259 1011 ob·

144 1056 226 1128 tulit
250 1054 540 1156 aequabilemque
557 1056 719 1129 omnium
736 1053 938 1128 tunicarum
960 1057 1065 1150 (sine
1088 1061 1258 1156 ruptura)

143 1177 409 1274 dilatationem,
433 1177 613 1276 egrediens
639 1190 762 1250 contra
787 1189 906 1250 aortae
937 1190 1084 1250 tmneus
1114 1201 1257 1249 norma-

143 1293 214 1367 lem
239 1296 385 1368 retinuit
408 1295 631 1368 diametrum.
656 1294 785 1367 Itidem
818 1293 911 1367 duae
945 1295 1092 1368 arteriae
1127 1288 1257 1368 coelia-

144 1439 220 1512 cae,
237 1413 371 1487 lienalis
388 1427 425 1487 et
440 1415 687 1510 mesenterica,
703 1438 746 1486 ex
762 1413 840 1513 ipso
855 1435 959 1486 sacco
976 1413 1258 1514 anevrysmatieo

143 1533 358 1633 prodeuntes
382 1557 449 1606 nec
474 1534 663 1607 minimum
697 1533 919 1632 expansionis
950 1525 1123 1605 indicium
1147 1531 1256 1606 dede-

143 1669 236 1728 runt
261 1655 351 1729 Lien
376 1667 412 1728 et
437 1653 549 1754 hepar
564 1651 919 1754 hypochondriorum
937 1651 1048 1726 llrndo
1070 1652 1256 1750 immersa,

142 1773 328 1871 exsanguia
345 1783 382 1844 et
394 1769 545 1872 pallida,
561 1784 740 1844 caetemm
757 1770 935 1870 compagis
957 1767 1106 1842 illaesae.
1126 1767 1255 1842 Plexus

142 1911 356 1986 nervorum,
378 1909 469 1965 vena
494 1909 580 1964 cava
606 1901 643 1962 et
666 1887 794 1962 ductus
819 1888 1020 1962 tlroracicus
1051 1913 1071 1962 e
1099 1883 1166 1961 siro
1189 1913 1255 1987 po-

142 2007 212 2080 situ
237 2007 380 2080 dimota.
405 2007 575 2080 Intestina
601 2007 741 2098 tenuia,
764 2007 1027 2107 peritonaeum,
1059 2018 1096 2079 et
1120 2027 1256 2078 mesen*

144 2125 272 2196 terium
296 2123 456 2225 pluribus
486 2124 524 2197 in
558 2121 670 2223 plagis
705 2109 790 2196 atro¹
819 2148 945 2195 cruore
979 2119 1133 2218 suffusa,
1168 2124 1255 2197 item

142 2245 331 2343 sanguinea
356 2241 537 2316 infiltratio
553 2243 592 2314 in
608 2254 706 2315 textu
723 2238 880 2315 cellulari
903 2253 1041 2316 aarum
1065 2240 1253 2316 ambiente.

612 2498 783 2556 RPlCllsslS·

191 2711 503 2817 Haemorilragiam
537 2717 742 2813 internam,
775 2731 812 2791 et
850 2713 1035 2819 speciatim
1068 2711 1252 2792 lraemato-

142 2837 310 2934 coeliam,
333 2833 577 2910 arteriorrhexi
602 2831 808 2931 inductam,
832 2859 874 2908 ac
898 2834 1144 2936 pedissequam
1170 2859 1253 2934 syu-

143 2975 257 3056 copen
297 2955 421 3031 mortis
462 2953 654 3053 necopinus
696 2973 838 3027 causam
878 2955 1075 3055 proximam
1120 2947 1253 3050 luisse,

142 3072 262 3172 ecquis
290 3095 363 3148 non
399 3069 614 3170 perspiciet?
649 3071 820 3172 Maiorem
860 3089 946 3146 vero
983 3069 1253 3144 admirationem
1357 3113 1359 3118 ·

142 3187 333 3262 concitarit
357 3186 445 3260 adeo
467 3187 623 3261 enormis
647 3212 796 3287 magnae
826 3187 992 3283 arteriae,
1027 3189 1252 3288 partiumque

142 3309 387 3407 contiguarum
409 3305 627 3402 devastatio,
651 3308 758 3407 quin,
781 3305 905 3382 ultima
927 3307 957 3381 si
980 3308 1131 3408 excipias
1156 3309 1251 3382 vitae

141 3438 341 3520 momenta,
364 3449 487 3524 graves
511 3421 636 3500 turbae
660 3425 699 3498 in
723 3425 928 3500 oeconomia
953 3424 1094 3499 animali
1122 3425 1253 3500 luerim

142 3540 298 3616 obortae.
332 3539 368 3616 T
370 3567 428 3615 am
465 3565 588 3618 saccus
630 3544 958 3644 anemysmaticus,
992 3566 1099 3645 quam
1141 3545 1253 3618 caries

141 3657 318 3760 profunda
341 3659 449 3732 trium
473 3657 716 3736 vertebrarum
740 3665 811 3764 jam
836 3685 858 3736 a
882 3659 989 3763 longo
1018 3674 1178 3763 tempore
1202 3661 1261 3736 eb

141 3775 285 3864 formari
310 3773 525 3872 debuerant,
549 3789 586 3850 et
611 3790 730 3852 tamen
754 3776 853 3852 nulla
887 3776 956 3853 alia
990 3803 1134 3878 aegmm
1165 3805 1249 3855 con-

140 3894 346 3970 cruciabant
370 3893 593 3970 incommoda
608 3941 619 3994 ,
635 3919 744 3996 quam
760 3921 850 3996 quae
865 3895 1020 3996 passioni
1037 3895 1246 3997 hypochon·

139 4013 278 4087 driacae
302 4013 445 4115 propria
470 4039 544 4086 esse
576 4027 820 4088 consuescunt
846 4013 985 4088 Horum
1015 4013 1184 4112 originem
1210 4026 1247 4088 et

141 4131 313 4206 rationem
338 4129 438 4204 facile
462 4129 668 4232 explicabit,
683 4131 745 4233 qui
761 4131 840 4206 vitii
857 4131 1011 4231 organici
1027 4129 1148 4204 sedem
1166 4156 1248 4230 per·

139 4249 271 4346 pendit.
298 4249 608 4343 Quemadmodum
639 4249 840 4354 complures
871 4249 1124 4352 cacoplasticae
1149 4277 1249 4349 mgr·

139 4389 267 4440 norum
290 4366 591 4468 metamorplroses
616 4369 713 4467 segni
737 4389 843 4469 passu
868 4366 1061 4462 incedunt,
1083 4382 1189 4468 atque
1206 4393 1249 4442 eo

138 4481 254 4556 minus
279 4485 485 4586 conspicuas
510 4485 547 4558 in
572 4485 770 4590 organismo
794 4486 970 4587 proritent
1004 4483 1143 4582 turbas,
1177 4511 1248 4586 quo
