3228 5166
178 537 487 646 descriptionibus,
511 543 835 644 epidemiarumque
865 541 1186 638 observationibus,
1216 542 1284 614 cri·

178 661 270 734 sium
293 661 492 737 doctrinam
515 661 716 760 explanavit
739 662 874 760 primus
888 690 898 755 3
914 662 1011 759 signa
1027 660 1286 760 aegritudinum

177 775 391 876 diagnostiur
416 793 453 851 ct
469 799 621 851 canones
637 759 878 878 prognosticos
894 777 985 850 mira
1005 777 1173 877 patientia
1191 801 1286 848 com·

177 890 321 994 posuit,
343 891 659 969 diversissimomm
682 893 919 990 remediorum
947 895 1095 968 virtutes
1124 907 1287 994 expertus

179 1026 249 1107 est,
264 1038 285 1084 a
301 1013 548 1112 superstitione
572 1025 692 1087 tamen
708 1025 744 1085 et
760 1009 883 1086 fraude
898 1011 1128 1111 purissimum
1151 1035 1189 1083 se
1213 1035 1288 1082 ser-

180 1129 298 1225 vavit,
321 1129 541 1204 diaetedcam
565 1129 709 1205 demum
744 1130 832 1204 ursit
865 1155 887 1202 a
920 1129 1044 1230 priscis
1067 1126 1289 1230 neglectam,

181 1243 359 1345 nihilque,
376 1246 473 1347 quod
484 1247 618 1322 hancce
642 1273 747 1321 curae
771 1245 929 1324 medicae
945 1259 1101 1348 spartam
1125 1247 1290 1347 respicit,
1313 1313 1318 1324 .

180 1361 392 1436 intentatum
416 1376 479 1438 aut
501 1363 766 1438 inobservatum
789 1361 952 1464 reliquit,
991 1364 1044 1438 uti
1081 1362 1203 1464 prche¹
1217 1367 1318 1464 jam.

180 1479 357 1578 perspexit
390 1491 427 1553 et
458 1479 569 1555 solide
611 1479 811 1555 enucleavit
843 1479 1065 1576 Bannonrus,
1080 1504 1200 1562 ‚verus
1229 1477 1289 1551 ille

180 1621 222 1670 ae
246 1597 418 1696 ingenuus
442 1598 551 1700 ipsius
586 1599 808 1700 Hippocratis
843 1599 974 1698 genius.
997 1637 1049 1658 -
1072 1597 1116 1672 ln
1141 1597 1314 1690 Graecia

180 1715 321 1815 itaque,
344 1745 396 1772 -e
420 1715 686 1818 disciplinarum
710 1717 871 1794 omnium
896 1715 1017 1794 altrice
1041 1729 1078 1791 et
1104 1718 1290 1815 magistra,

181 1831 478 1934 humanitatisque
502 1849 668 1936 parente,
692 1859 736 1909 ex
759 1859 831 1934 qua
853 1835 1108 1935 primumcum
1127 1832 1235 1907 literis
1251 1859 1290 1908 rn
1317 1913 1324 1924 ‚

183 1953 362 2028 universas
390 1967 563 2030 terrarum
591 1953 687 2030 orbis
714 1953 834 2054 plagas
864 1955 937 2028 vita
966 1953 1077 2028 civilis
1107 1954 1289 2044 decentius

183 2070 372 2144 constituta
406 2070 594 2171 profluxit,
626 2109 678 2132 ω·
705 2071 852 2172 clinicae
888 2097 1029 2174 quoque
1060 2071 1291 2150 iustitutionis

183 2185 356 2260 cunahula
380 2189 548 2264 invenies.
1144 2257 1147 2267 .
1286 2255 1290 2262 .

229 2304 294 2378 Ast
309 2305 400 2405 proh
417 2306 534 2382 dolori
550 2305 739 2384 salutarem
754 2301 881 2410 optimi
897 2307 989 2382 serus
1005 2308 1101 2384 mam
1117 2311 1192 2409 ejus
1217 2311 1291 2409 jam
1315 2395 1318 2402 ¹

181 2421 266 2520 lilii,
290 2423 491 2502 Taassaatrs
516 2439 553 2502 et
575 2427 715 2524 Draco,
742 2425 1028 2528 dereliquemnt,
1057 2425 1289 2528 philosophe

180 2567 261 2616 rum
273 2541 496 2642 dogmatibus
512 2543 673 2645 pellecti,
689 2559 814 2646 atque,
830 2543 928 2644 quod
944 2543 1060 2618 adhuc
1079 2548 1180 2644 pejus
1197 2553 1289 2637 erat,

180 2663 338 2763 mysticis
371 2663 670 2765 propositionibus
705 2678 742 2737 et
776 2663 923 2764 poeticis
957 2661 1112 2736 flosculis
1146 2652 1322 2746 fanatici,

178 2779 378 2879 Patronis,
400 2806 468 2855 nec
492 2806 566 2856 non
589 2779 862 2882 peripatheticae
897 2793 934 2854 et
967 2779 1097 2853 stoicae
1131 2775 1288 2876 plnum

179 2897 306 2998 plaiae,
328 2938 379 2956 —-
403 2925 556 3000 quarum
578 2899 676 2998 prior
700 2901 981 2996 Aarsroratan,
994 2895 1104 2968 altera
1120 2895 1289 2972 assona

178 3013 350 3086 Ennaeas
374 3041 440 3114 pro
456 3013 643 3088 fundatore
665 3011 811 3107 habuit,
826 3047 878 3068 -·
892 3011 1075 3112 principiis
1100 3007 1288 3084 obcaecati.

177 3129 295 3202 Enata
318 3143 403 3202 tunc
428 3143 482 3202 est
505 3127 635 3204 &leole
660 3129 889 3225 Dogmetrha,
909 3129 983 3202 sive
1008 3139 1104 3200 secta
1132 3125 1289 3202 Medico·

179 3271 260 3319 rum
293 3245 644 3347 Ηψροοναείσοηωι,
677 3271 830 3346 qnorum
864 3243 945 3318 libri
969 3244 1176 3346 Hippocrati
1208 3243 1285 3326 Coo

177 3387 365 3464 perperam
389 3377 646 3464 supponuntur.
672 3363 842 3454 Quamvis
867 3361 1033 3436 historiae
1057 3360 1225 3436 naturalis
1250 3374 1287 3436 et

176 3480 374 3554 anatomiae
397 3503 619 3580 progressus,
643 3492 789 3552 curante
805 3503 890 3578 prae
915 3479 1060 3553 caeteris
1080 3475 1288 3573 Aristotele,

176 3593 276 3669 haud
298 3593 502 3669 indifferens
527 3594 671 3670 medicis
697 3593 889 3695 disciplinis
905 3596 1164 3668 incrementum
1187 3593 1287 3668 adtu-

177 3713 304 3810 leniat,
338 3714 565 3786 intemeratae
605 3727 725 3786 tamen
756 3712 1009 3787 observationis
1034 3711 1192 3786 studium
1220 3737 1287 3786 no·

179 3827 330 3904 rabiliter
359 3827 559 3929 neglectum
593 3829 683 3925 ruit,
712 3823 831 3929 'usque
870 3828 957 3903 dum
994 3829 1161 3929 empirica
1194 3829 1289 3902 incer

178 3945 431 4020 Alexandrinos
477 3943 599 4021 schola
641 3946 817 4042 effloruit,
854 3971 962 4044 quam
1000 3943 1145 4044 quidem
1186 3945 1287 4017 sune·

177 4075 270 4136 stam
293 4065 377 4136 artis
404 4063 653 4137 Machaonieae
669 4077 802 4138 sortem
826 4063 901 4163 ipse
925 4063 1047 4136 Puero
1072 4065 1146 4163 jam
1171 4085 1288 4144 amare
1324 4164 1327 4168 Ι

177 4179 432 4283 deploraverat

185 4331 188 4340 λ
227 4296 424 4396 Collegium
448 4295 791 4392 illudmedicomm,
809 4296 1014 4398 quodcirca
1039 4293 1289 4397 Olympiadem

177 4414 256 4490 LX.
281 4415 413 4508 (Anno
438 4415 512 4508 540
538 4443 568 4490 a.
599 4415 711 4506 Chr.)
743 4415 889 4488 Athenis
920 4413 1025 4486 fuisse
1058 4411 1220 4510 ridetur,
1248 4429 1289 4488 ut

179 4529 305 4608 saltem
339 4556 360 4606 e
394 4531 549 4636 quodam
573 4529 672 4632 loco,
697 4533 758 4634 qui
790 4529 886 4634 apud
920 4529 1143 4607 Aristotelem
1174 4545 1289 4628 extat,
