3252 5166
312 353 383 402 nos

306 447 502 520 insontibus
528 449 680 550 pyrexiis
705 452 969 526 catarrbalibus.
995 454 1037 526 ln
1055 453 1194 528 casibus
1211 453 1314 554 typhi
1334 479 1419 528 con·

305 567 426 662 tagiosi
453 564 693 642 adtentiouern
719 585 888 670 tyronum
912 569 957 642 ad
990 571 1208 644 differentem
1244 572 1416 644 exanthe-

304 685 408 756 matis
433 682 538 760 illum
560 688 760 760 comitantis
787 678 936 762 formam
971 687 1189 784 direximus,
1223 703 1265 760 ut
1292 688 1419 762 ‹listin-

304 829 410 902 gnere
435 805 572 880 discant
591 805 816 908 precetur,
840 827 905 880 ceu
938 807 1094 880 maculas
1130 807 1419 908 ecchymoticas,

303 921 436 1022 absque
461 924 584 997 ordine
609 939 1022 1024 prorumperrtes511unc
1047 923 1232 1020 absentes,
1255 949 1352 996 nunc
1369 923 1417 998 ad

301 1063 418 1112 seram
442 1040 762 1116 convalescentiam
786 1043 1126 1142 nsque'superstites
1143 1097 1154 1138 ,
1173 1042 1265 1116 dttm
1290 1067 1417 1116 evene·-

302 1174 434 1256 scunt‚
472 1159 611 1234 nullum
646 1163 701 1234 aui
738 1162 922 1260 vestigium
960 1160 1225 1261 relinquentes,
1258 1160 1415 1260 ideoque

301 1302 398 1350 mere
440 1277 672 1352 accidentales
710 1292 746 1352 et
778 1280 1007 1378 parasiticas3
1036 1293 1073 1352 et
1103 1277 1305 1379 specidcmn
1333 1303 1413 1377 cry⁸

301 1389 417 1465 theare
440 1391 786 1484 cccndaenmticwn,
810 1415 872 1467 sen
885 1408 1083 1496 perpurum
1099 1392 1304 1495 typhum,
1321 1413 1412 1495 quac

300 1530 440 1611 semper
463 1531 666 1611 processum
690 1511 938 1612 phlogisticum
962 1515 1099 1586 incute
1116 1513 1290 1611 agnoscit,
1311 1517 1413 1611 cujus

300 1630 410 1725 gratia
434 1628 622 1729 epidcrmis
648 1628 907 1728 desquamatur.
932 1661 983 1686 -··
1008 1627 1216 1702 Obsoletum
1247 1653 1289 1702 ac
1314 1645 1413 1701 men-¹

299 1743 428 1818 dosum
452 1734 583 1818 nomen
608 1743 713 1818 lebris
729 1743 954 1845 petecclrialis
975 1746 1068 1818 inter
1085 1745 1239 1820 medicos
1257 1744 1411 1820 urbanos

302 1861 463 1936 nondum
488 1865 786 1959 exterminatum,
819 1862 908 1936 illud
942 1887 1027 1938 vero
1057 1863 1161 1963 typhi
1191 1864 1412 1962 contagiosi,

298 2005 361 2052 seu
385 1981 656 2055 exantlrematici
680 1975 754 2054 fere
788 1981 949 2080 ignotum
983 1979 1117 2075 fnisse,
1152 1979 1410 2079 obstupuimus

298 2098 503 2172 valentium
534 2101 695 2175 virorum
727 2097 869 2174 oracula
902 2099 941 2172 in
974 2097 1080 2170 hasce
1116 2095 1218 2170 sedes
1248 2095 1408 2171 nondum

297 2231 688 2317 penetrarunt3qua1⁴e
713 2231 833 2290 nostra
858 2221 1080 2312 erotema,
1113 2229 1155 2289 nt
1187 2217 1226 2288 in
1256 2213 1409 2289 tenebris

296 2336 411 2410 facem
434 2335 679 2408 accendamus.
705 2335 827 2410 Novae
852 2335 896 2411 de
921 2336 991 2410 hoc
1004 2336 1170 2412 ¹febrium
1184 2345 1308 2434 genere
1325 2337 1412 2410 doc·

296 2453 415 2526 trinae.
432 2453 565 2525 sembra
590 2453 696 2551 primi
720 2453 901 2549 acuimus3
925 2467 980 2525 ast
1003 2453 1233 2527 cunctabatur
1255 2477 1404 2554 prospe-

296 2593 373 2645 rare
397 2592 520 2670 seges,
552 2574 609 2644 cni
644 2573 918 2647 irrueteratarum
942 2573 1150 2672 opinionum
1174 2597 1249 2645 sese
1284 2571 1404 2644 immi*
1488 2559 1490 2564 ¹

295 2689 388 2762 scuit
411 2687 533 2762 infelix
557 2687 697 2786 lolium,
712 2715 897 2790 progressu
921 2691 1090 2791 temporis
1107 2689 1251 2764 taudem
1270 2691 1406 2790 potenti

295 2805 453 2884 veritatis
478 2807 557 2883 luce
582 2811 905 2885 exterminaturum

342 2924 559 2999 &aelredum
584 2925 734 3000 formam
758 2953 901 3024 raram,
926 2941 962 3001 et
991 2928 1029 3000 ni
1054 2921 1234 3023 fallimur,
1258 2955 1279 3001 a
1303 2925 1405 3004 nullo

292 3041 512 3116 medicorum
536 3041 735 3143 depictam,
760 3043 889 3118 obtulit
913 3046 1063 3140 rustica,
1089 3045 1135 3118 32
1162 3069 1273 3118 annos
1299 3060 1408 3143 nata,

291 3157 338 3231 ab
363 3159 558 3259 unguiculis
583 3185 722 3262 semper
755 3165 955 3263 pancratice
985 3163 1133 3260 valens,
1162 3179 1200 3238 et
1232 3189 1405 3265 prospero

290 3271 414 3346 babitu
439 3274 616 3374 praedita,
641 3303 731 3376 quae
756 3279 919 3352 morbum
945 3306 965 3352 e
990 3281 1138 3354 semitrio
1155 3282 1248 3354 inter
1264 3281 1403 3356 accolas

288 3391 370 3490 pagi
393 3388 578 3465 Mimtetlo
604 3395 797 3469 vastissime
822 3395 1061 3470 debacchante
1078 3399 1260 3471 contraxit
1284 3399 1351 3470 Die
1368 3424 1403 3497 9.

289 3505 407 3578 Martii
432 3531 475 3581 cx
510 3507 703 3607 improviso
738 3512 935 3609 inhorruit,
968 3513 1116 3588 incaluit
1141 3513 1312 3614 posthac,
1339 3540 1399 3588 oa·

286 3627 361 3726 pite
385 3627 525 3724 doluit,
549 3641 586 3701 ct
609 3645 717 3704 noctu
741 3632 891 3707 sudavit.
916 3634 1089 3708 Postridie
1115 3633 1242 3728 ardor,
1267 3635 1399 3730 dolor,

289 3758 326 3817 ct
346 3768 469 3818 sensus
494 3747 750 3822 constrictionis
776 3750 813 3820 in
842 3763 982 3848 gutture
1018 3749 1233 3850 deglutiendi
1268 3777 1400 3824 munus

287 3859 376 3934 adeo
400 3861 643 3962 impedirem,
669 3878 709 3937 ut
733 3891 847 3965 neque
873 3865 1024 3967 liquores
1050 3871 1126 3940 sinc
1161 3893 1299 3940 summa
1325 3894 1398 3940 mo-

287 3975 389 4054 lestia
414 3979 589 4082 depellere
612 3983 784 4082 potuisset
800 4013 818 4079 i*
848 3986 936 4058 ursit
965 3985 1072 4058 simul
1106 3983 1213 4057 febris
1248 3984 1404 4080 ardens,

286 4111 324 4170 et
346 4099 498 4198 pectoris
518 4099 714 4199 oppressio.
738 4101 804 4174 Die
835 4127 887 4174 rr.
922 4103 1093 4176 intumuit
1127 4101 1260 4198 facies,
1294 4117 1400 4202 atquc

286 4231 382 4291 totus
408 4215 563 4290 ambitus
588 4219 677 4292 cutis
694 4215 786 4294 laeto
804 4221 1003 4320 tingebatur
1019 4221 1166 4319 rubore,
1189 4223 1399 4295 intermixtis

285 4333 511 4435 phlyctaenis
537 4334 780 4412 albicantibus.
805 4340 937 4414 Sumsit
962 4341 1165 4416 Cremorcm
1191 4343 1340 4436 tartari,
1365 4357 1401 4414 et

285 4453 529 4535 decoctionem
551 4457 684 4536 Hordei
709 4485 791 4536 cum
808 4461 1023 4564 ,Oxymelle,
1052 4461 1178 4540 morbo
1203 4487 1249 4538 ne
1284 4463 1400 4540 hilum
