<?xml version="1.0" encoding="UTF-8"?>
<!DOCTYPE html PUBLIC "-//W3C//DTD XHTML 1.0 Transitional//EN"
    "http://www.w3.org/TR/xhtml1/DTD/xhtml1-transitional.dtd">
<html xmlns="http://www.w3.org/1999/xhtml" xml:lang="en" lang="en">
 <head>
  <title>
</title>
<meta http-equiv="Content-Type" content="text/html;charset=utf-8" />
  <meta name='ocr-system' content='tesseract 3.04.00' />
  <meta name='ocr-capabilities' content='ocr_page ocr_carea ocr_par ocr_line ocrx_word'/>
</head>
<body>
  <div class='ocr_page' id='page_1' title='image "./annalesscholaec00hildgoog_0269.png"; bbox 0 0 3148 5170; ppageno 0'>
   <div class='ocr_carea' id='block_1_1' title="bbox 507 476 979 615">
    <p class='ocr_par' dir='ltr' id='par_1_1' title="bbox 507 476 979 615">
     <span class='ocr_line' id='line_1_1' title="bbox 507 476 979 615; baseline -0.008 -1"><span class='ocrx_word' id='word_1_1' title='bbox 507 477 732 614; x_wconf 78' lang='lat' dir='ltr'>Juhiar.</span> <span class='ocrx_word' id='word_1_2' title='bbox 790 476 979 615; x_wconf 83' lang='lat'>1818.</span> 
     </span>
    </p>
   </div>
   <div class='ocr_carea' id='block_1_2' title="bbox 585 777 1253 851">
    <p class='ocr_par' dir='ltr' id='par_1_2' title="bbox 585 777 1253 851">
     <span class='ocr_line' id='line_1_2' title="bbox 585 777 1253 851; baseline -0.001 -17"><span class='ocrx_word' id='word_1_3' title='bbox 585 777 769 844; x_wconf 63' lang='lat' dir='ltr'>arnmot</span> <span class='ocrx_word' id='word_1_4' title='bbox 883 780 1025 837; x_wconf 63' lang='lat' dir='ltr'>emmens·</span> <span class='ocrx_word' id='word_1_5' title='bbox 1089 781 1253 851; x_wconf 62' lang='lat' dir='ltr'>nymnos·</span> 
     </span>
    </p>
   </div>
   <div class='ocr_carea' id='block_1_3' title="bbox 634 877 1222 906">
    <p class='ocr_par' dir='ltr' id='par_1_3' title="bbox 634 877 1222 906">
     <span class='ocr_line' id='line_1_3' title="bbox 634 877 1222 906; baseline -0.005 0.047"><span class='ocrx_word' id='word_1_6' title='bbox 634 877 1222 906; x_wconf 60' lang='grc' dir='ltr'>·ΜΜΜ</span> 
     </span>
    </p>
   </div>
   <div class='ocr_carea' id='block_1_4' title="bbox 131 951 1300 2816">
    <p class='ocr_par' dir='ltr' id='par_1_4' title="bbox 180 951 1264 1614">
     <span class='ocr_line' id='line_1_4' title="bbox 180 951 1233 1055; baseline 0 -27"><span class='ocrx_word' id='word_1_7' title='bbox 180 951 342 1028; x_wconf 81' lang='lat' dir='ltr'>Alntrrdo</span> <span class='ocrx_word' id='word_1_8' title='bbox 358 952 636 1046; x_wconf 54' lang='lat' dir='ltr'>mammon-‹14-</span> <span class='ocrx_word' id='word_1_9' title='bbox 656 955 1233 1055; x_wconf 65' lang='lat' dir='ltr'>24.o.porr.28.1.6.3mr..84</span> 
     </span>
     <span class='ocr_line' id='line_1_5' title="bbox 181 1069 1234 1175; baseline 0.004 -33"><span class='ocrx_word' id='word_1_10' title='bbox 181 1069 567 1144; x_wconf 76' lang='lat' dir='ltr'>nlurudominima.»</span> <span class='ocrx_word' id='word_1_11' title='bbox 590 1074 712 1162; x_wconf 74' lang='lat'>4¹²·</span> <span class='ocrx_word' id='word_1_12' title='bbox 753 1097 785 1147; x_wconf 84' lang='lat' dir='ltr'>a.</span> <span class='ocrx_word' id='word_1_13' title='bbox 825 1100 926 1175; x_wconf 71' lang='lat'>”²7·</span> <span class='ocrx_word' id='word_1_14' title='bbox 963 1099 998 1174; x_wconf 90' lang='lat'>9.</span> <span class='ocrx_word' id='word_1_15' title='bbox 1036 1100 1069 1148; x_wconf 81' lang='lat'>2.</span> <span class='ocrx_word' id='word_1_16' title='bbox 1144 1071 1234 1166; x_wconf 88' lang='lat'>54.</span> 
     </span>
     <span class='ocr_line' id='line_1_6' title="bbox 182 1183 1232 1296; baseline 0.006 -38"><span class='ocrx_word' id='word_1_17' title='bbox 182 1183 565 1260; x_wconf 74' lang='lat' dir='ltr'>Alutudomedia..„</span> <span class='ocrx_word' id='word_1_18' title='bbox 592 1191 786 1277; x_wconf 55' lang='lat' dir='ltr'>418.st</span> <span class='ocrx_word' id='word_1_19' title='bbox 826 1225 844 1260; x_wconf 91' lang='grc'><strong>»</strong></span> <span class='ocrx_word' id='word_1_20' title='bbox 871 1217 999 1296; x_wconf 65' lang='lat' dir='ltr'>apri.</span> <span class='ocrx_word' id='word_1_21' title='bbox 1035 1189 1069 1266; x_wconf 87' lang='lat'>8.</span> <span class='ocrx_word' id='word_1_22' title='bbox 1171 1188 1232 1291; x_wconf 84' lang='lat'>67.</span> 
     </span>
     <span class='ocr_line' id='line_1_7' title="bbox 182 1301 1221 1408; baseline 0.009 -35"><span class='ocrx_word' id='word_1_23' title='bbox 182 1301 397 1377; x_wconf 73' lang='lat' dir='ltr'>vicissitudo</span> <span class='ocrx_word' id='word_1_24' title='bbox 421 1305 571 1380; x_wconf 82' lang='lat' dir='ltr'>maxima</span> <span class='ocrx_word' id='word_1_25' title='bbox 676 1333 712 1408; x_wconf 88' lang='lat'>9.</span> <span class='ocrx_word' id='word_1_26' title='bbox 751 1307 785 1384; x_wconf 76' lang='grc'>3.</span> <span class='ocrx_word' id='word_1_27' title='bbox 895 1333 929 1382; x_wconf 91' lang='lat' dir='ltr'>o.</span> <span class='ocrx_word' id='word_1_28' title='bbox 969 1334 1001 1382; x_wconf 81' lang='lat'>2.</span> <span class='ocrx_word' id='word_1_29' title='bbox 1039 1306 1072 1401; x_wconf 88' lang='lat'>4.</span> <span class='ocrx_word' id='word_1_30' title='bbox 1167 1307 1221 1382; x_wconf 63' lang='grc'>’18</span> 
     </span>
     <span class='ocr_line' id='line_1_8' title="bbox 199 1417 1264 1524; baseline 0.002 -32"><span class='ocrx_word' id='word_1_31' title='bbox 199 1419 573 1524; x_wconf 77' lang='lat' dir='ltr'>intranycthemerum</span> <span class='ocrx_word' id='word_1_32' title='bbox 646 1419 770 1495; x_wconf 56' lang='grc'>(6816)</span> <span class='ocrx_word' id='word_1_33' title='bbox 827 1417 1048 1498; x_wconf 58' lang='grc' dir='ltr'>Μίὼᾶθ)</span> <span class='ocrx_word' id='word_1_34' title='bbox 1147 1419 1264 1494; x_wconf 73' lang='lat' dir='ltr'>(sien)</span> 
     </span>
     <span class='ocr_line' id='line_1_9' title="bbox 183 1533 945 1614; baseline 0.004 -5"><span class='ocrx_word' id='word_1_35' title='bbox 183 1538 293 1614; x_wconf 78' lang='lat' dir='ltr'>Venti</span> <span class='ocrx_word' id='word_1_36' title='bbox 318 1538 562 1614; x_wconf 74' lang='lat' dir='ltr'>dominantes:</span> <span class='ocrx_word' id='word_1_37' title='bbox 585 1535 704 1612; x_wconf 75' lang='lat' dir='ltr'>Eume</span> <span class='ocrx_word' id='word_1_38' title='bbox 728 1550 765 1612; x_wconf 86' lang='lat' dir='ltr'>et</span> <span class='ocrx_word' id='word_1_39' title='bbox 791 1533 945 1612; x_wconf 75' lang='lat' dir='ltr'>Caeciae.</span> 
     </span>
    </p>

    <p class='ocr_par' dir='ltr' id='par_1_5' title="bbox 131 1653 1300 2816">
     <span class='ocr_line' id='line_1_10' title="bbox 131 1653 1299 1756; baseline -0.003 -23"><span class='ocrx_word' id='word_1_40' title='bbox 131 1745 134 1750; x_wconf 38' lang='grc'><strong>,</strong></span> <span class='ocrx_word' id='word_1_41' title='bbox 187 1655 337 1732; x_wconf 83' lang='lat' dir='ltr'>Coelum</span> <span class='ocrx_word' id='word_1_42' title='bbox 362 1671 564 1732; x_wconf 71' lang='lat' dir='ltr'><strong>constanter</strong></span> <span class='ocrx_word' id='word_1_43' title='bbox 596 1654 748 1750; x_wconf 86' lang='lat' dir='ltr'>sudum,</span> <span class='ocrx_word' id='word_1_44' title='bbox 776 1655 939 1756; x_wconf 74' lang='lat' dir='ltr'>apricitas</span> <span class='ocrx_word' id='word_1_45' title='bbox 967 1653 1082 1750; x_wconf 88' lang='lat' dir='ltr'>sicca,</span> <span class='ocrx_word' id='word_1_46' title='bbox 1110 1665 1299 1730; x_wconf 80' lang='lat' dir='ltr'>ventorum</span> 
     </span>
     <span class='ocr_line' id='line_1_11' title="bbox 183 1769 1299 1875; baseline -0.002 -29"><span class='ocrx_word' id='word_1_47' title='bbox 183 1773 309 1874; x_wconf 85' lang='lat' dir='ltr'>quies,</span> <span class='ocrx_word' id='word_1_48' title='bbox 334 1787 440 1875; x_wconf 85' lang='lat' dir='ltr'>atque</span> <span class='ocrx_word' id='word_1_49' title='bbox 465 1785 581 1848; x_wconf 86' lang='lat' dir='ltr'>aestus</span> <span class='ocrx_word' id='word_1_50' title='bbox 615 1769 869 1874; x_wconf 87' lang='lat' dir='ltr'>permolestus,</span> <span class='ocrx_word' id='word_1_51' title='bbox 906 1771 1133 1848; x_wconf 70' lang='lat' dir='ltr'>incumbente</span> <span class='ocrx_word' id='word_1_52' title='bbox 1166 1770 1299 1870; x_wconf 88' lang='lat' dir='ltr'>passim</span> 
     </span>
     <span class='ocr_line' id='line_1_12' title="bbox 184 1885 1298 1993; baseline -0.001 -30"><span class='ocrx_word' id='word_1_53' title='bbox 184 1889 376 1992; x_wconf 83' lang='lat' dir='ltr'>languore,</span> <span class='ocrx_word' id='word_1_54' title='bbox 399 1917 506 1993; x_wconf 92' lang='lat' dir='ltr'>quem</span> <span class='ocrx_word' id='word_1_55' title='bbox 531 1915 637 1964; x_wconf 86' lang='lat' dir='ltr'>aurae</span> <span class='ocrx_word' id='word_1_56' title='bbox 667 1888 881 1966; x_wconf 79' lang='lat' dir='ltr'>meridianae</span> <span class='ocrx_word' id='word_1_57' title='bbox 915 1886 1134 1966; x_wconf 81' lang='lat' dir='ltr'>lenissimum</span> <span class='ocrx_word' id='word_1_58' title='bbox 1168 1885 1298 1964; x_wconf 83' lang='lat' dir='ltr'>flamen</span> 
     </span>
     <span class='ocr_line' id='line_1_13' title="bbox 187 2003 1299 2110; baseline -0.005 -26"><span class='ocrx_word' id='word_1_59' title='bbox 187 2011 248 2084; x_wconf 85' lang='lat' dir='ltr'>vix</span> <span class='ocrx_word' id='word_1_60' title='bbox 271 2008 462 2084; x_wconf 85' lang='lat' dir='ltr'>recreabat.</span> <span class='ocrx_word' id='word_1_61' title='bbox 487 2007 609 2082; x_wconf 89' lang='lat' dir='ltr'>Tellus</span> <span class='ocrx_word' id='word_1_62' title='bbox 635 2007 715 2083; x_wconf 92' lang='lat' dir='ltr'>Sole</span> <span class='ocrx_word' id='word_1_63' title='bbox 750 2007 873 2084; x_wconf 85' lang='lat' dir='ltr'>adusta</span> <span class='ocrx_word' id='word_1_64' title='bbox 912 2003 1044 2110; x_wconf 91' lang='lat' dir='ltr'>ubique</span> <span class='ocrx_word' id='word_1_65' title='bbox 1078 2007 1184 2080; x_wconf 87' lang='lat' dir='ltr'>rimas</span> <span class='ocrx_word' id='word_1_66' title='bbox 1209 2007 1299 2106; x_wconf 79' lang='lat' dir='ltr'>egit,</span> 
     </span>
     <span class='ocr_line' id='line_1_14' title="bbox 185 2121 1299 2228; baseline -0.006 -28"><span class='ocrx_word' id='word_1_67' title='bbox 185 2153 389 2200; x_wconf 82' lang='lat' dir='ltr'>exarescens</span> <span class='ocrx_word' id='word_1_68' title='bbox 414 2123 461 2201; x_wconf 90' lang='lat' dir='ltr'>ob</span> <span class='ocrx_word' id='word_1_69' title='bbox 485 2125 628 2226; x_wconf 83' lang='lat' dir='ltr'>longam</span> <span class='ocrx_word' id='word_1_70' title='bbox 654 2151 826 2228; x_wconf 88' lang='lat' dir='ltr'>aquarum</span> <span class='ocrx_word' id='word_1_71' title='bbox 842 2123 1037 2224; x_wconf 86' lang='lat' dir='ltr'>penuriam</span> <span class='ocrx_word' id='word_1_72' title='bbox 1059 2123 1125 2196; x_wconf 85' lang='lat' dir='ltr'>Die</span> <span class='ocrx_word' id='word_1_73' title='bbox 1149 2124 1182 2198; x_wconf 89' lang='lat'>8.</span> <span class='ocrx_word' id='word_1_74' title='bbox 1198 2121 1299 2220; x_wconf 82' lang='lat' dir='ltr'>Libe,</span> 
     </span>
     <span class='ocr_line' id='line_1_15' title="bbox 185 2239 1299 2346; baseline 0 -30"><span class='ocrx_word' id='word_1_75' title='bbox 185 2242 289 2320; x_wconf 86' lang='lat' dir='ltr'>nobis</span> <span class='ocrx_word' id='word_1_76' title='bbox 314 2244 513 2346; x_wconf 83' lang='lat' dir='ltr'>caeteroqui</span> <span class='ocrx_word' id='word_1_77' title='bbox 537 2267 727 2344; x_wconf 82' lang='lat' dir='ltr'>perrarus,</span> <span class='ocrx_word' id='word_1_78' title='bbox 750 2242 967 2344; x_wconf 80' lang='lat' dir='ltr'>tempestivis</span> <span class='ocrx_word' id='word_1_79' title='bbox 992 2239 1121 2344; x_wconf 82' lang='lat' dir='ltr'>pluviis</span> <span class='ocrx_word' id='word_1_80' title='bbox 1141 2241 1299 2319; x_wconf 77' lang='lat' dir='ltr'>sitientes</span> 
     </span>
     <span class='ocr_line' id='line_1_16' title="bbox 154 2355 1300 2464; baseline 0.001 -30"><span class='ocrx_word' id='word_1_81' title='bbox 154 2360 313 2459; x_wconf 74' lang='lat' dir='ltr'>&#39;rigavit</span> <span class='ocrx_word' id='word_1_82' title='bbox 337 2385 446 2460; x_wconf 84' lang='lat' dir='ltr'>agros.</span> <span class='ocrx_word' id='word_1_83' title='bbox 472 2359 555 2434; x_wconf 88' lang='lat' dir='ltr'>Non</span> <span class='ocrx_word' id='word_1_84' title='bbox 578 2360 696 2434; x_wconf 86' lang='lat' dir='ltr'>minus</span> <span class='ocrx_word' id='word_1_85' title='bbox 732 2371 848 2460; x_wconf 82' lang='lat' dir='ltr'>gratas</span> <span class='ocrx_word' id='word_1_86' title='bbox 883 2355 1058 2460; x_wconf 79' lang='lat' dir='ltr'>pluviales</span> <span class='ocrx_word' id='word_1_87' title='bbox 1097 2357 1154 2436; x_wconf 83' lang='lat' dir='ltr'>die</span> <span class='ocrx_word' id='word_1_88' title='bbox 1185 2383 1238 2464; x_wconf 88' lang='lat'>17.</span> <span class='ocrx_word' id='word_1_89' title='bbox 1262 2370 1300 2436; x_wconf 85' lang='lat' dir='ltr'>et</span> 
     </span>
     <span class='ocr_line' id='line_1_17' title="bbox 185 2477 1299 2578; baseline -0.003 -24"><span class='ocrx_word' id='word_1_90' title='bbox 185 2505 267 2575; x_wconf 73' lang='lat' dir='ltr'>ao,</span> <span class='ocrx_word' id='word_1_91' title='bbox 291 2477 491 2555; x_wconf 88' lang='lat' dir='ltr'>Plenilunio</span> <span class='ocrx_word' id='word_1_92' title='bbox 515 2481 575 2554; x_wconf 78' lang='lat' dir='ltr'>vix</span> <span class='ocrx_word' id='word_1_93' title='bbox 599 2493 745 2576; x_wconf 86' lang='lat' dir='ltr'>exacto,</span> <span class='ocrx_word' id='word_1_94' title='bbox 769 2477 910 2556; x_wconf 82' lang='lat' dir='ltr'>advexit</span> <span class='ocrx_word' id='word_1_95' title='bbox 934 2504 955 2552; x_wconf 91' lang='lat' dir='ltr'>e</span> <span class='ocrx_word' id='word_1_96' title='bbox 984 2477 1159 2554; x_wconf 87' lang='lat' dir='ltr'>diametro</span> <span class='ocrx_word' id='word_1_97' title='bbox 1189 2502 1299 2578; x_wconf 87' lang='lat' dir='ltr'>oppo-</span> 
     </span>
     <span class='ocr_line' id='line_1_18' title="bbox 183 2593 1298 2699; baseline 0.002 -29"><span class='ocrx_word' id='word_1_98' title='bbox 183 2597 273 2670; x_wconf 87' lang='lat' dir='ltr'>situs</span> <span class='ocrx_word' id='word_1_99' title='bbox 298 2598 451 2670; x_wconf 79' lang='lat' dir='ltr'>Caecius.</span> <span class='ocrx_word' id='word_1_100' title='bbox 476 2595 668 2699; x_wconf 78' lang='lat' dir='ltr'>Nunquam</span> <span class='ocrx_word' id='word_1_101' title='bbox 700 2611 820 2671; x_wconf 87' lang='lat' dir='ltr'>tamen</span> <span class='ocrx_word' id='word_1_102' title='bbox 854 2595 947 2697; x_wconf 87' lang='lat' dir='ltr'>pluit</span> <span class='ocrx_word' id='word_1_103' title='bbox 976 2597 1052 2670; x_wconf 86' lang='lat' dir='ltr'>sine</span> <span class='ocrx_word' id='word_1_104' title='bbox 1090 2593 1227 2694; x_wconf 81' lang='lat' dir='ltr'>fulgure</span> <span class='ocrx_word' id='word_1_105' title='bbox 1260 2605 1298 2672; x_wconf 85' lang='lat' dir='ltr'>ct</span> 
     </span>
     <span class='ocr_line' id='line_1_19' title="bbox 184 2705 1184 2816; baseline 0.003 -26"><span class='ocrx_word' id='word_1_106' title='bbox 184 2716 328 2791; x_wconf 83' lang='lat' dir='ltr'>tonitru.</span> <span class='ocrx_word' id='word_1_107' title='bbox 349 2705 483 2790; x_wconf 74' lang='lat' dir='ltr'>&#39;Laetae</span> <span class='ocrx_word' id='word_1_108' title='bbox 506 2727 656 2816; x_wconf 60' lang='lat' dir='ltr'>segetem</span> <span class='ocrx_word' id='word_1_109' title='bbox 678 2715 801 2788; x_wconf 85' lang='lat' dir='ltr'>messis</span> <span class='ocrx_word' id='word_1_110' title='bbox 825 2728 962 2788; x_wconf 83' lang='lat' dir='ltr'>matura</span> <span class='ocrx_word' id='word_1_111' title='bbox 987 2727 1024 2787; x_wconf 88' lang='lat' dir='ltr'>et</span> <span class='ocrx_word' id='word_1_112' title='bbox 1047 2713 1184 2816; x_wconf 81' lang='lat' dir='ltr'>opima..</span> 
     </span>
    </p>
   </div>
   <div class='ocr_carea' id='block_1_5' title="bbox 584 2973 901 3026">
    <p class='ocr_par' dir='ltr' id='par_1_6' title="bbox 584 2973 901 3026">
     <span class='ocr_line' id='line_1_20' title="bbox 584 2973 901 3026; baseline -0.003 0"><span class='ocrx_word' id='word_1_113' title='bbox 584 2973 691 3026; x_wconf 69' lang='grc' dir='ltr'>ΜΟΜΙ</span> <span class='ocrx_word' id='word_1_114' title='bbox 714 2974 901 3025; x_wconf 75' lang='lat' dir='ltr'>cerntsucr.</span> 
     </span>
    </p>
   </div>
   <div class='ocr_carea' id='block_1_6' title="bbox 95 3179 1333 4588">
    <p class='ocr_par' dir='ltr' id='par_1_7' title="bbox 95 3179 1333 4588">
     <span class='ocr_line' id='line_1_21' title="bbox 235 3179 1333 3287; baseline 0.006 -32"><span class='ocrx_word' id='word_1_115' title='bbox 235 3179 363 3259; x_wconf 78' lang='lat' dir='ltr'>Febres</span> <span class='ocrx_word' id='word_1_116' title='bbox 398 3197 535 3283; x_wconf 82' lang='lat' dir='ltr'>gastro-</span> <span class='ocrx_word' id='word_1_117' title='bbox 520 3189 705 3262; x_wconf 76' lang='lat' dir='ltr'>-enrertcae</span> <span class='ocrx_word' id='word_1_118' title='bbox 737 3211 820 3262; x_wconf 83' lang='lat' dir='ltr'>cum</span> <span class='ocrx_word' id='word_1_119' title='bbox 853 3181 999 3262; x_wconf 82' lang='lat' dir='ltr'>saburra</span> <span class='ocrx_word' id='word_1_120' title='bbox 1037 3179 1228 3287; x_wconf 77' lang='lat' dir='ltr'>bilifhrmr‘,</span> <span class='ocrx_word' id='word_1_121' title='bbox 1261 3199 1299 3262; x_wconf 82' lang='lat' dir='ltr'>et</span> <span class='ocrx_word' id='word_1_122' title='bbox 1330 3181 1333 3188; x_wconf 57' lang='grc'>“</span> 
     </span>
     <span class='ocr_line' id='line_1_22' title="bbox 185 3305 1296 3410; baseline 0.002 -32"><span class='ocrx_word' id='word_1_123' title='bbox 185 3305 445 3400; x_wconf 73' lang='lat' dir='ltr'>inoermittentes&#39;</span> <span class='ocrx_word' id='word_1_124' title='bbox 470 3312 637 3382; x_wconf 66' lang='lat' dir='ltr'>comanae</span> <span class='ocrx_word' id='word_1_125' title='bbox 661 3335 801 3410; x_wconf 84' lang='lat' dir='ltr'>semper</span> <span class='ocrx_word' id='word_1_126' title='bbox 813 3307 929 3382; x_wconf 86' lang='lat' dir='ltr'>adhuc</span> <span class='ocrx_word' id='word_1_127' title='bbox 946 3308 1141 3409; x_wconf 89' lang='lat' dir='ltr'>prioratum</span> <span class='ocrx_word' id='word_1_128' title='bbox 1157 3318 1296 3404; x_wconf 84' lang='lat' dir='ltr'>teuent,</span> 
     </span>
     <span class='ocr_line' id='line_1_23' title="bbox 95 3361 1297 3526; baseline 0 -30"><span class='ocrx_word' id='word_1_129' title='bbox 95 3463 100 3474; x_wconf 93' lang='lat'><strong>·</strong></span> <span class='ocrx_word' id='word_1_130' title='bbox 185 3423 236 3497; x_wconf 83' lang='lat' dir='ltr'>eis</span> <span class='ocrx_word' id='word_1_131' title='bbox 260 3422 435 3497; x_wconf 87' lang='lat' dir='ltr'>accedunt</span> <span class='ocrx_word' id='word_1_132' title='bbox 445 3419 569 3524; x_wconf 79' lang='lat' dir='ltr'>febres</span> <span class='ocrx_word' id='word_1_133' title='bbox 593 3423 744 3500; x_wconf 76' lang='lat' dir='ltr'>biliosus.</span> <span class='ocrx_word' id='word_1_134' title='bbox 769 3423 911 3526; x_wconf 83' lang='lat' dir='ltr'>Ubique</span> <span class='ocrx_word' id='word_1_135' title='bbox 942 3439 1062 3500; x_wconf 88' lang='lat' dir='ltr'>autem</span> <span class='ocrx_word' id='word_1_136' title='bbox 1091 3361 1297 3500; x_wconf 75' lang='lat' dir='ltr'>manifestui</span> 
     </span>
     <span class='ocr_line' id='line_1_24' title="bbox 184 3537 1328 3675; baseline -0.001 -62"><span class='ocrx_word' id='word_1_137' title='bbox 184 3539 365 3641; x_wconf 87' lang='lat' dir='ltr'>adparet</span> <span class='ocrx_word' id='word_1_138' title='bbox 355 3566 393 3612; x_wconf 91' lang='lat' dir='ltr'>rn</span> <span class='ocrx_word' id='word_1_139' title='bbox 417 3537 646 3642; x_wconf 86' lang='lat' dir='ltr'>liquationem</span> <span class='ocrx_word' id='word_1_140' title='bbox 672 3557 708 3616; x_wconf 87' lang='lat' dir='ltr'>ct</span> <span class='ocrx_word' id='word_1_141' title='bbox 732 3542 949 3618; x_wconf 78' lang='lat' dir='ltr'>debilitatem</span> <span class='ocrx_word' id='word_1_142' title='bbox 973 3544 1090 3638; x_wconf 85' lang='lat' dir='ltr'>nisus,</span> <span class='ocrx_word' id='word_1_143' title='bbox 1106 3541 1195 3618; x_wconf 87' lang='lat' dir='ltr'>adeo</span> <span class='ocrx_word' id='word_1_144' title='bbox 1215 3542 1296 3675; x_wconf 83' lang='lat' dir='ltr'>qui·</span> <span class='ocrx_word' id='word_1_145' title='bbox 1326 3549 1328 3556; x_wconf 83' lang='grc'><em>’</em></span> 
     </span>
     <span class='ocr_line' id='line_1_25' title="bbox 184 3657 1297 3762; baseline 0.002 -29"><span class='ocrx_word' id='word_1_146' title='bbox 184 3657 267 3733; x_wconf 90' lang='lat' dir='ltr'>dem</span> <span class='ocrx_word' id='word_1_147' title='bbox 292 3657 501 3755; x_wconf 89' lang='lat' dir='ltr'>insidiosus,</span> <span class='ocrx_word' id='word_1_148' title='bbox 536 3673 577 3733; x_wconf 82' lang='lat' dir='ltr'>ut</span> <span class='ocrx_word' id='word_1_149' title='bbox 612 3669 716 3762; x_wconf 80' lang='lat' dir='ltr'>saepe</span> <span class='ocrx_word' id='word_1_150' title='bbox 752 3662 891 3762; x_wconf 86' lang='lat' dir='ltr'>saepius</span> <span class='ocrx_word' id='word_1_151' title='bbox 927 3660 1139 3761; x_wconf 81' lang='lat' dir='ltr'>improvise,</span> <span class='ocrx_word' id='word_1_152' title='bbox 1174 3659 1297 3760; x_wconf 81' lang='lat' dir='ltr'>primis</span> 
     </span>
     <span class='ocr_line' id='line_1_26' title="bbox 183 3770 1297 3880; baseline 0.002 -30"><span class='ocrx_word' id='word_1_153' title='bbox 183 3783 257 3879; x_wconf 82' lang='lat' dir='ltr'>jam</span> <span class='ocrx_word' id='word_1_154' title='bbox 281 3770 398 3850; x_wconf 89' lang='lat' dir='ltr'>morbi</span> <span class='ocrx_word' id='word_1_155' title='bbox 424 3775 549 3850; x_wconf 84' lang='lat' dir='ltr'>diebus</span> <span class='ocrx_word' id='word_1_156' title='bbox 573 3777 666 3852; x_wconf 84' lang='lat' dir='ltr'>vires</span> <span class='ocrx_word' id='word_1_157' title='bbox 692 3791 916 3874; x_wconf 81' lang='lat' dir='ltr'>corruerent,</span> <span class='ocrx_word' id='word_1_158' title='bbox 940 3791 1045 3880; x_wconf 87' lang='lat' dir='ltr'>atque</span> <span class='ocrx_word' id='word_1_159' title='bbox 1063 3775 1297 3852; x_wconf 81' lang='lat' dir='ltr'>funestissima</span> 
     </span>
     <span class='ocr_line' id='line_1_27' title="bbox 183 3893 1296 3994; baseline 0.003 -29"><span class='ocrx_word' id='word_1_160' title='bbox 183 3907 465 3994; x_wconf 84' lang='lat' dir='ltr'>symptomatum</span> <span class='ocrx_word' id='word_1_161' title='bbox 491 3917 722 3968; x_wconf 87' lang='lat' dir='ltr'>nervosomm</span> <span class='ocrx_word' id='word_1_162' title='bbox 754 3895 882 3969; x_wconf 87' lang='lat' dir='ltr'>cohors</span> <span class='ocrx_word' id='word_1_163' title='bbox 919 3907 1162 3968; x_wconf 77' lang='lat' dir='ltr'>succresceret.</span> <span class='ocrx_word' id='word_1_164' title='bbox 1186 3893 1296 3968; x_wconf 84' lang='lat' dir='ltr'>Paro-</span> 
     </span>
     <span class='ocr_line' id='line_1_28' title="bbox 183 3991 1299 4116; baseline 0.001 -32"><span class='ocrx_word' id='word_1_165' title='bbox 183 4012 316 4111; x_wconf 87' lang='lat' dir='ltr'>xysmis</span> <span class='ocrx_word' id='word_1_166' title='bbox 341 4010 650 4086; x_wconf 68' lang='lat' dir='ltr'>intermittendum</span> <span class='ocrx_word' id='word_1_167' title='bbox 675 4029 836 4110; x_wconf 89' lang='lat' dir='ltr'>comata,</span> <span class='ocrx_word' id='word_1_168' title='bbox 867 3991 1043 4116; x_wconf 79' lang='lat' dir='ltr'>ecclyses,</span> <span class='ocrx_word' id='word_1_169' title='bbox 1072 4011 1299 4114; x_wconf 81' lang='lat' dir='ltr'>ephidroses,</span> 
     </span>
     <span class='ocr_line' id='line_1_29' title="bbox 181 4125 1298 4234; baseline 0.002 -34"><span class='ocrx_word' id='word_1_170' title='bbox 181 4141 219 4201; x_wconf 93' lang='lat' dir='ltr'>et</span> <span class='ocrx_word' id='word_1_171' title='bbox 235 4127 399 4203; x_wconf 85' lang='lat' dir='ltr'>cholerae</span> <span class='ocrx_word' id='word_1_172' title='bbox 416 4155 491 4202; x_wconf 87' lang='lat' dir='ltr'>sese</span> <span class='ocrx_word' id='word_1_173' title='bbox 507 4125 716 4208; x_wconf 84' lang='lat' dir='ltr'>immiscent</span> <span class='ocrx_word' id='word_1_174' title='bbox 727 4131 757 4204; x_wconf 90' lang='lat' dir='ltr'><strong>F</strong></span> <span class='ocrx_word' id='word_1_175' title='bbox 758 4131 859 4206; x_wconf 88' lang='lat' dir='ltr'>ebres</span> <span class='ocrx_word' id='word_1_176' title='bbox 876 4131 1180 4234; x_wconf 81' lang='lat' dir='ltr'>gastroentericae</span> <span class='ocrx_word' id='word_1_177' title='bbox 1196 4143 1234 4202; x_wconf 91' lang='lat' dir='ltr'>et</span> <span class='ocrx_word' id='word_1_178' title='bbox 1246 4127 1298 4202; x_wconf 85' lang='lat' dir='ltr'>bi·</span> 
     </span>
     <span class='ocr_line' id='line_1_30' title="bbox 181 4243 1295 4348; baseline 0.002 -30"><span class='ocrx_word' id='word_1_179' title='bbox 181 4243 288 4320; x_wconf 82' lang='lat' dir='ltr'>lioeae</span> <span class='ocrx_word' id='word_1_180' title='bbox 305 4271 388 4321; x_wconf 82' lang='lat' dir='ltr'>mox</span> <span class='ocrx_word' id='word_1_181' title='bbox 404 4244 620 4348; x_wconf 85' lang='lat' dir='ltr'>dysenteria,</span> <span class='ocrx_word' id='word_1_182' title='bbox 636 4273 720 4322; x_wconf 86' lang='lat' dir='ltr'>mox</span> <span class='ocrx_word' id='word_1_183' title='bbox 736 4250 890 4344; x_wconf 84' lang='lat' dir='ltr'>vomitu,</span> <span class='ocrx_word' id='word_1_184' title='bbox 904 4275 986 4324; x_wconf 82' lang='lat' dir='ltr'>mox</span> <span class='ocrx_word' id='word_1_185' title='bbox 1003 4249 1111 4324; x_wconf 85' lang='lat' dir='ltr'>etiam</span> <span class='ocrx_word' id='word_1_186' title='bbox 1134 4249 1295 4322; x_wconf 82' lang='lat' dir='ltr'>ominosa</span> 
     </span>
     <span class='ocr_line' id='line_1_31' title="bbox 185 4363 1296 4469; baseline 0.003 -31"><span class='ocrx_word' id='word_1_187' title='bbox 185 4363 327 4439; x_wconf 87' lang='lat' dir='ltr'>cholera</span> <span class='ocrx_word' id='word_1_188' title='bbox 353 4367 549 4466; x_wconf 57' lang='lat' dir='ltr'>stipantum</span> <span class='ocrx_word' id='word_1_189' title='bbox 572 4365 664 4442; x_wconf 86' lang='lat' dir='ltr'>aliae¹</span> <span class='ocrx_word' id='word_1_190' title='bbox 685 4366 874 4444; x_wconf 85' lang='lat' dir='ltr'>insalutato</span> <span class='ocrx_word' id='word_1_191' title='bbox 899 4365 1038 4469; x_wconf 88' lang='lat' dir='ltr'>hospite</span> <span class='ocrx_word' id='word_1_192' title='bbox 1072 4369 1110 4439; x_wconf 91' lang='lat' dir='ltr'>in</span> <span class='ocrx_word' id='word_1_193' title='bbox 1142 4367 1296 4469; x_wconf 83' lang='lat' dir='ltr'>typhum</span> 
     </span>
     <span class='ocr_line' id='line_1_32' title="bbox 183 4479 1294 4588; baseline 0.005 -34"><span class='ocrx_word' id='word_1_194' title='bbox 183 4479 374 4579; x_wconf 82' lang='lat' dir='ltr'>malignum</span> <span class='ocrx_word' id='word_1_195' title='bbox 393 4498 509 4558; x_wconf 85' lang='lat' dir='ltr'>munt.</span> <span class='ocrx_word' id='word_1_196' title='bbox 527 4485 668 4562; x_wconf 87' lang='lat' dir='ltr'>-Duo</span> <span class='ocrx_word' id='word_1_197' title='bbox 693 4485 867 4562; x_wconf 88' lang='lat' dir='ltr'>individui</span> <span class='ocrx_word' id='word_1_198' title='bbox 879 4483 985 4588; x_wconf 84' lang='lat' dir='ltr'>febre</span> <span class='ocrx_word' id='word_1_199' title='bbox 1010 4483 1294 4564; x_wconf 72' lang='lat' dir='ltr'>bidom-nervosa</span> 
     </span>
    </p>
   </div>
   <div class='ocr_carea' id='block_1_7' title="bbox 0 0 1578 5170">
    <p class='ocr_par' dir='ltr' id='par_1_8' title="bbox 0 0 1578 5170">
     <span class='ocr_line' id='line_1_33' title="bbox 0 0 1578 5170; baseline 0 0"><span class='ocrx_word' id='word_1_200' title='bbox 0 0 1578 5170; x_wconf 95' lang='lat' dir='ltr'> </span> 
     </span>
    </p>
   </div>
  </div>
 </body>
</html>
