3148 5170
387 467 479 542 viem
496 495 671 566 aerosum,
691 483 728 542 et
744 471 893 542 maxime
911 469 1056 545 οαὼιὴε
1074 471 1231 572 pleurae
1249 489 1299 548 et
1320 475 1524 575 pulmon

383 587 471 662 letlri
497 613 638 662 caueam
664 588 859 688 proximam
885 587 1013 685 luisse,
1035 615 1146 664 nemo
1164 617 1246 667 non
1266 594 1453 668 videbit
1469 597 1523 691 E'p

383 721 504 784 autem
538 723 657 784 ortum
693 707 942 782 determinavit
965 711 1096 810 partim
1120 738 1244 812 prava
1269 714 1522 816 ooraditiop

383 827 540 902 sumatis
564 823 797 928 lymphatici,
830 825 981 900 maome
1015 825 1278 926 glandularum
1320 837 1523 908 mmmm

383 969 505 1018 carum
535 957 572 1018 et
605 941 885 1040 bronclrialium,
918 945 1049 1044 paru'm
1076 945 1282 1046 improvisa
1316 977 1521 1051 supprrn

382 1067 595 1140 inveteratae
619 1063 823 1144 secretionis
846 1064 886 1140 in
909 1077 1000 1138 cute
1026 1064 1201 1156 Quamvis
1229 1068 1274 1142 in
1304 1067 1449 1144 hoece
1463 1097 1522 1144 αι

382 1181 427 1257 ab
444 1182 608 1258 onmibus
624 1179 748 1259 sedulo
765 1184 960 1256 caverimus
977 1181 1279 1278 medicamentis,
1310 1213 1429 1286 quae
1444 1215 1521 1287 prat·

382 1304 461 1379 licis
494 1303 723 1398 animantia,
759 1301 833 1378 aire
863 1303 1002 1402 stiptica
1034 1303 1298 1398 nomnrantur,
1341 1307 1518 1408 ipsamque

382 1449 504 1498 curam
537 1420 789 1524 purgantibus,
822 1420 1040 1496 solventibus
1075 1435 1111 1494 et
1146 1413 1402 1498 vesicatoriis
1427 1427 1515 1498 ordiri

380 1569 453 1618 non
477 1540 836 1644 praetermiserimus,
859 1539 1089 1614 nibilominus
1113 1541 1206 1614 tristi
1233 1559 1396 1616 eventu
1416 1545 1511 1618 edom

381 1662 531 1758 luimus,
555 1659 733 1736 medicum
757 1661 795 1733 in
819 1658 1051 1761 reprimendis
1076 1662 1355 1748 secretionibus
1382 1664 1511 1744 ‹liut'm

380 1805 564 1882 nunquam
588 1781 673 1855 catis
697 1793 842 1852 cautum
867 1805 943 1852 ease
967 1803 1078 1878 posse.

664 2015 888 2093 HISTORIA
913 2015 1212 2106 nuonnetttn,

683 2245 821 2339 Febris
851 2253 990 2339 biliosa
1019 2257 1193 2367 maligno

483 2452 525 2536 te
545 2447 719 2560 semna,
751 2475 850 2556 quae
872 2475 951 2558 Ρῐρ
983 2447 1133 2536 dmm
1162 2447 1401 2548 ΙΨὺώΜ*
1522 2474 1525 2560 l

428 2719 578 2818 Villica,
608 2724 652 2795 ιδ
668 2739 866 2816 annorum,
890 2719 1158 2821 temperamenti
1175 2717 1381 2814 irritabilis,
1408 2747 1486 2796 com

377 2840 475 2940 pagis
509 2853 564 2913 sat
598 2837 784 2935 robustae,
819 2864 839 2910 a
870 2837 1059 2911 tenerrima
1094 2841 1280 2938 juventute
1304 2837 1482 2914 arua-iuris

377 2955 643 3030 excruciabatur
666 2953 868 3050 doloribus,
891 2979 957 3056 per
981 2956 1136 3056 quinque
1162 2978 1275 3028 armos
1298 2957 1398 3028 omni
1423 2955 1482 3028 serr

377 3097 498 3148 mense
524 3070 792 3145 recurrentibus.
817 3070 872 3144 Ab
899 3069 995 3145 bisce
1020 3071 1203 3144 tormentis
1237 3069 1429 3170 derepente
1443 3081 1479 3144 ‘et

377 3181 453 3262 sine
478 3213 582 3262 causa
607 3187 745 3288 cognita
771 3186 1010 3284 liberabatur,
1033 3199 1070 3262 at
1094 3184 1318 3288 postmodtun
1345 3189 1475 3262 exoluta

377 3319 432 3380 est
456 3301 670 3407 cephalalgia
707 3304 905 3407 periodica,
939 3320 1121 3380 menstruo
1158 3307 1287 3408 pariter
1319 3305 1472 3384 arbtrieta

378 3441 489 3528 typo,
513 3453 624 3532 quae,
648 3441 836 3529 postquam
861 3441 1013 3528 quatuor
1030 3426 1167 3504 vicibus
1183 3425 1393 3519 recurrebat,
1416 3453 1471 3498 sua

377 3561 503 3646 sponte
528 3549 692 3642 evanuit,
727 3573 801 3622 non
835 3533 986 3648 amplius
1018 3547 1183 3622 reditura.
1212 3545 1325 3621 Nullas
1349 3550 1468 3648 puriter

376 3661 536 3764 sequelae
559 3663 763 3749 manifestas
789 3664 930 3767 reliquit
954 3665 1059 3742 lebria
1085 3680 1255 3764 quartana
1280 3678 1352 3738 aute
1374 3663 1463 3737 bien-

375 3787 475 3860 nium
492 3809 673 3888 perpessa,
689 3786 842 3890 solisque
854 3801 1000 3870 naturae
1018 3785 1150 3858 viribus
1164 3785 1305 3858 devicta.
1319 3783 1460 3856 Exenute

378 3927 498 3978 mense
523 3903 715 3980 Februario
757 3905 849 3978 roto
881 3931 900 3978 a
937 3901 1191 4005 campestribus
1222 3898 1379 3974 laboribus
1400 3902 1458 3975 do

378 4047 478 4096 mum
502 4019 636 4119 redux,
659 4023 846 4125 praedonis
871 4047 891 4098 a
918 4035 1015 4123 tergo
1039 4019 1237 4096 invadentis
1261 4045 1346 4091 causa
1370 4033 1454 4093 tanto

374 4139 578 4242 percellitur
612 4155 764 4237 terrore,
801 4155 842 4214 ut
879 4167 961 4214 eum
997 4167 1060 4240 per
1091 4137 1209 4240 plures
1245 4135 1345 4214 diese
1370 4139 1450 4208 renis

375 4257 548 4358 expellere
573 4259 744 4359 nequiret.
769 4257 849 4331 Pari
877 4273 1036 4358 tempure
1060 4257 1219 4331 animum
1244 4251 1357 4353 puellae
1378 4277 1447 4326 cou-

375 4373 486 4448 llietat
501 4376 621 4476 iniqua
638 4373 831 4450 malitiosae
849 4401 1021 4449 novercae
1038 4372 1208 4450 tractatio.
1222 4368 1326 4452 Mense
1340 4367 1445 4468 Aprilis

375 4475 470 4566 inter»
492 4493 581 4570 duos
606 4519 753 4596 procos,
778 4520 932 4596 quorum
957 4494 1134 4596 primum,
1162 4495 1314 4592 juvenen
1335 4502 1362 4562 ct
1383 4487 1440 4562 lor·
