3158 6116
1273 301 1343 380 235

222 420 306 495 lam
333 420 501 525 postridie
526 419 785 523 deportabatur.
812 420 956 498 Morbus
989 449 1053 528 pro
1082 417 1269 528 mpositicie
1293 432 1348 502 iu·

224 543 412 616 tereostuli
436 547 642 615 tmraemaura
653 596 667 632 ,
692 569 712 614 e
737 543 946 615 distorsione
971 544 1211 618 musculorum
1225 559 1347 645 pecto·

228 665 306 758 ris,
331 662 547 758 declaratus,
571 675 725 762 quatuor
748 657 1094 760 mnarsectiuuibus,
1121 662 1351 763 cataplasma·

226 781 351 867 tibus,
376 781 604 881 eccoprotrcis
629 793 665 852 ct
689 794 776 880 potu
803 779 1026 879 refrigerante
1059 779 1192 852 all'atim
1227 779 1351 852 sorbil-

227 897 310 972 lato
336 901 406 1000 jam
425 923 467 970 eo
483 896 708 998 perducitur,
723 905 765 970 ut
778 895 1100 969 obsecundantibus
1117 921 1185 968 rma
1205 893 1351 995 (risibus

228 1016 429 1111 intercisis,
452 1039 600 1115 quarum
626 1011 822 1114 primodie
848 1013 901 1108 5,,
926 1013 1032 1086 altera
1058 1013 1116 1086 die
1143 1039 1199 1116 7,,
1223 1027 1259 1086 et
1284 1028 1352 1088 ter·

228 1134 283 1205 tia
310 1131 367 1204 die
392 1155 426 1230 9.
452 1131 669 1231 comparuit,
693 1129 796 1202 soluti
830 1155 937 1230 qrram
962 1132 1141 1232 proximus
1170 1130 1351 1208 videretur

110 1237 112 1246 ’
231 1272 362 1347 aeger,
396 1247 483 1320 dum
517 1243 700 1347 inopinato
736 1271 827 1321 nova
864 1261 970 1348 eaput
1013 1245 1137 1320 extulit
1174 1245 1350 1320 malorum

108 1382 110 1426 l
232 1395 356 1468 seges,
381 1365 598 1440 clandestino
614 1369 770 1468 irrepens
785 1393 916 1466 gressu.
933 1367 998 1440 Die
1015 1379 1139 1467 utpote
1162 1390 1214 1438 ro.
1231 1366 1349 1440 morbi

232 1488 284 1560 ad
309 1507 399 1586 genu
425 1486 626 1582 sinistrum,
650 1499 755 1586 atque
779 1486 924 1558 dorsum
943 1483 1042 1584 pedis
1059 1484 1170 1557 dextri
1189 1493 1346 1558 tumores

106 1643 130 1676 ·.
233 1601 437 1677 emicabant
473 1598 990 1703 inflammatorio-lymplratici,
1028 1625 1181 1702 quorum
1219 1613 1348 1674 mesta·

234 1725 345 1796 ticam
370 1722 540 1820 originem
565 1734 601 1793 et
625 1719 780 1794 indolem
817 1723 892 1794 siue
923 1721 1065 1820 negotio
1098 1721 1349 1820 perspeximus.

103 1861 111 1904 t
236 1839 441 1914 dnomaliae
458 1857 600 1913 causam
617 1840 852 1940 quaesivimus
870 1836 1060 1938 induplici
1085 1835 1233 1910 diatlresi
1255 1861 1349 1910 mor-

102 2005 104 2024 ι
235 1955 344 2054 bosa,
368 1955 561 2057 pellagrosa
583 1970 623 2029 et
646 1955 884 2052 rheumatica,
908 1978 995 2056 quas
1013 1981 1114 2053 aeger
1131 1961 1201 2055 jam
1228 1980 1247 2026 a
1272 1953 1349 2030 tou

103 2099 109 2144 t
237 2075 328 2175 giori
354 2089 512 2175 tempure
536 2073 574 2148 in
599 2072 762 2147 medullis
794 2069 901 2169 fovit,
935 2095 1016 2146 cum
1056 2070 1349 2166 inflammationes

238 2191 511 2292 phlegmonosae
536 2190 821 2292 protopatlricae,
846 2215 865 2263 c
890 2189 1053 2264 violentis
1085 2191 1197 2264 causis
1232 2191 1349 2264 oriun-

241 2307 331 2403 dae,
368 2307 507 2407 nullum
554 2309 593 2380 in
626 2321 829 2382 metastases
871 2309 988 2380 nisum
1029 2305 1191 2381 babeant
1226 2305 1348 2379 Febris

240 2428 380 2502 tabifica
405 2428 547 2529 pessimi
571 2429 678 2502 moris
702 2427 802 2504 breui
826 2427 970 2502 suborta
996 2428 1138 2502 fatalem
1154 2425 1349 2504 testabatur

238 2547 452 2646 phymatum
477 2547 514 2619 in
539 2547 828 2646 suppurationem
853 2548 1026 2618 saniosam
1052 2549 1193 2620 exitum.
1210 2547 1348 2647 Apertis

239 2661 354 2737 cultro
370 2663 641 2764 apostematibus
658 2663 831 2763 plurimus
848 2663 982 2736 effluxit
998 2663 1114 2756 ichor,
1131 2663 1220 2738 adeo
1238 2663 1347 2738 disso-

239 2779 335 2854 lutus
360 2781 576 2877 etsoctens,
601 2796 642 2854 ut
665 2781 762 2856 illico
787 2781 831 2856 de
857 2785 983 2855 arrosis
1008 2781 1143 2855 ossibus
1175 2787 1348 2882 conjecta*

240 2902 403 2974 serimus.
428 2898 678 3002 Explorationc
703 2897 930 3002 postmodum
956 2899 1088 3002 specilli
1106 2926 1173 3002 ope
1189 2901 1350 2974 irutituta

241 3022 516 3096 confirmabatur
540 3021 735 3123 praesentia
761 3023 882 3118 canei,
898 3037 971 3096 tam
988 3023 1026 3094 in
1042 3019 1169 3122 patella
1187 3020 1324 3094 sirriatra
1338 3050 1363 3112 ‚·

240 3165 348 3241 quam
365 3140 401 3212 in
420 3135 555 3213 ossibus
574 3141 752 3214 metatarsi
770 3140 900 3232 dextri,
915 3159 1025 3240 qrrarc
1043 3157 1184 3237 aegrum
1204 3138 1239 3210 itr
1266 3135 1349 3210 Cti-

241 3256 415 3354 rurgicam
433 3255 548 3328 aulam
567 3255 744 3329 transferri
757 3257 966 3330 curavimus.
983 3263 1033 3310 ⁸—-
1052 3253 1225 3333 Inserviat
1249 3253 1350 3340 lriccc

242 3395 342 3443 casus
358 3397 424 3472 pro
440 3370 680 3447 illuminandis
697 3377 936 3448 metastasium
950 3373 1130 3468 osoribus,
1147 3373 1207 3473 qui
1226 3397 1348 3446 omnes

207 3563 210 3568 ,
243 3487 424 3562 fastidiunt
448 3490 627 3587 veritates,
652 3489 870 3566 humeralem
898 3489 1069 3564 theoriam
1094 3487 1302 3563 redolentes.

291 3607 382 3678 Cum
407 3605 648 3682 emolumento
673 3609 935 3711 promptissimo
960 3606 1110 3682 alterum
1136 3607 1242 3708 liujus
1268 3605 1349 3677 artui

241 3721 437 3825 periculum
462 3722 635 3822 lecimus,
658 3734 701 3800 ut
724 3723 915 3800 efficaciam
944 3723 1132 3827 pulverum
1161 3721 1352 3798 absorben-

243 3841 333 3914 tium
357 3841 394 3914 in
430 3838 676 3941 metendogiu
711 3843 1042 3921 demonstraremus.
1072 3843 1171 3918 Intra
1202 3853 1354 3942 φιιιιιιοι·

242 3955 316 4030 dies
341 3959 481 4058 penitus
506 3961 675 4034 conticuit
705 3961 946 4058 stillicidium,
977 3965 1049 4064 jam
1080 3985 1101 4034 a
1132 3985 1192 4034 sex
1217 3957 1354 4032 bebdo-

243 4072 355 4148 madis
379 4067 503 4148 ¹contra
529 4076 665 4150 diversa
691 4077 847 4152 remedia
866 4077 1007 4152 rebelle.

292 4191 567 4268 Melancdolaiam
596 4193 944 4299 puntopbobicom
934 4225 973 4272 m
1012 4196 1141 4270 femina
1174 4193 1221 4268 26
1246 4217 1357 4264 austo-

242 4331 342 4402 rum,
368 4327 446 4410 post
464 4315 646 4388 continuas
664 4313 861 4391 discordias
879 4331 915 4392 et
939 4341 1124 4392 aerumnas
1150 4307 1359 4388 dorrsesticas

242 4425 402 4500 obortam
414 4456 513 4532 ,pro
537 4433 687 4537 simplici
715 4435 980 4543 pepulroputltia
1005 4431 1182 4509 declarare
1207 4453 1361 4532 propen-
