3228 5166
1236 328 1281 404 ri

173 465 453 566 Christianorum
478 464 587 552 secta)
602 454 769 552 lundata,
794 469 899 557 atque
924 451 969 530 ab
999 451 1157 529 Arabum
1186 449 1283 527 Cha·

172 583 240 657 lifis
263 576 432 656 laudabili
456 603 540 651 oum
564 572 800 650 sollieitudine
825 585 998 672 promota.
1028 575 1173 674 Europa
1202 595 1281 644 sae·

173 703 256 779 culo
279 703 383 776 tertio
407 713 444 772 et
466 710 592 799 quarto
621 719 721 768 aerae
755 705 898 766 nostrae
932 715 1044 790 usque
1084 692 1129 768 ad
1165 693 1283 768 Caroli

174 822 292 921 Magni
316 834 475 918 tempora
499 819 612 890 atram
636 809 795 886 eslribuit
818 810 1033 909 ignorantiae
1049 823 1086 882 et
1109 809 1284 884 barbariei

172 951 324 1012 noctem
349 933 497 1008 Generis
521 929 669 1004 humani
702 929 804 1001 ruina
840 953 860 1000 e
890 925 1027 1000 luxurie
1060 939 1096 1000 et
1130 925 1284 1002 mollitie

174 1049 392 1146 incredibili,
414 1075 435 1124 e
459 1045 654 1150 tyrannide.
672 1043 913 1119 erudelissima
931 1045 1191 1143 Imperatorum
1214 1045 1286 1118 Ro-

175 1195 362 1244 manorum
385 1165 563 1268 prosecta,
585 1163 785 1264 turpissima
811 1160 1073 1262 pseudosophia
1094 1173 1212 1236 mtum
1231 1187 1288 1237 or·

175 1286 259 1361 bem
281 1285 472 1378 ntorum,
495 1279 748 1382 depopulantes
772 1280 970 1354 invasiones
1005 1279 1165 1378 gentium
1193 1279 1287 1354 fera·

176 1431 278 1502 rum,
302 1402 525 1497 Gothorum,
548 1399 807 1495 Vandalomm,
831 1399 1061 1493 Hunnorum,
1085 1397 1288 1498 Langobar·

177 1523 325 1618 dorum,
349 1523 623 1629 Saracenorum,
647 1519 708 1619 qui
724 1517 896 1592 feliciores
913 1531 1023 1590 terras
1040 1515 1160 1614 luctu,
1180 1543 1290 1614 neue,

177 1653 215 1714 et
238 1639 392 1741 oujusvis
417 1638 551 1738 generis
576 1633 831 1710 calamitatibus
856 1634 1055 1735 replevere,
1078 1677 1129 1692 ·-
1153 1635 1290 1737 praeci·

178 1759 270 1861 pites
295 1783 434 1859 quoque
458 1781 578 1832 seeum
603 1768 785 1832 traxerunt
809 1755 973 1827 scientiae
1005 1779 1137 1828 omnes.
1162 1753 1291 1828 Aenes-

179 1880 227 1955 sit
250 1876 395 1958 domum
418 1878 561 1956 insanus
587 1873 650 1956 itta,
674 1899 715 1950 ao
746 1872 908 1974 stupidus
937 1873 1035 1946 furor
1065 1872 1292 1973 indignorum

180 1993 389 2090 bominum,
412 1995 473 2094 qui
498 1991 629 2066 Christi
653 2015 785 2064 nomen
809 1987 1051 2090 usurpabant,
1080 1990 1119 2062 in
1147 1989 1297 2091 quasvis=

182 2113 377 2216 paganismi
400 2111 585 2212 reliquias,
608 2107 901 2184 bibliothecarum
916 2109 1052 2182 incuria
1069 2121 1106 2182 et
1120 2099 1293 2184 librorum

181 2229 556 2332 dilapidatioptandsm
565 2227 801 2303 atrocissimae
812 2228 1071 2327 persecutiones
1080 2251 1219 2323 eorum,
1230 2227 1293 2328 qai

182 2349 405 2426 ethniuorum
420 2347 636 2448 cognitiones
646 2359 683 2419 et
695 2343 928 2420 eruditionem
947 2371 1086 2420 servare
1099 2343 1293 2420 studerent

231 2469 277 2542 In
301 2465 395 2542 olara
420 2479 457 2540 et
482 2461 592 2540 nobili
617 2462 706 2537 urbe
730 2463 887 2560 Persius,
917 2463 1179 2559 Gtunrstrors,
1202 2487 1294 2565 qrrae

182 2587 290 2660 etiam
313 2585 603 2660 Dsenonnrstruu
627 2581 791 2657 scribitur
808 2589 820 2677 (
836 2609 919 2656 cum
936 2583 1106 2686 Nisapora
1122 2607 1196 2658 non
1211 2608 1295 2658 oon·

182 2701 361 2780 llrndenda
378 2707 407 2798 l,
431 2727 451 2775 a
476 2703 607 2802 Sapore
632 2701 679 2796 1.,
703 2701 890 2780 Persarum
915 2727 1015 2801 rege,
1039 2702 1133 2774 inter
1158 2725 1294 2776 annum

185 2818 256 2922 257
275 2833 312 2894 et
329 2818 401 2894 260
418 2847 453 2920 p.
470 2817 554 2898 Chr.
568 2819 734 2917 uendite,
755 2819 1008 2895 Nosoeomium
1039 2819 1154 2892 extitit
1187 2831 1295 2918 atque

185 2933 311 3008 Subula
334 2934 472 3010 medica
497 2934 691 3010 admodum
716 2935 863 3008 celebris
880 2989 890 3031 ,
914 2941 1016 3034 eujus
1032 2933 1241 3008 memoriam
1256 2934 1296 3006 in

187 3051 271 3122 artis
296 3049 442 3124 elinioae
466 3051 562 3124 fastis
587 3067 687 3150 grato
710 3077 891 3126 servamus
916 3051 1044 3124 animo.
1070 3049 1166 3124 Misit
1188 3049 1297 3124 Aure-

186 3156 301 3240 lianus
326 3169 472 3264 Caesar,
496 3183 661 3242 narrante
686 3168 976 3261 Arnurmmaro,
1000 3179 1187 3268 postquam
1212 3191 1296 3242 eum

187 3282 319 3383 Sapore
343 3307 468 3384 pacem
492 3283 652 3380 inirent,
676 3283 779 3384 eique
802 3309 903 3362 suam
934 3283 1042 3358 liliam
1061 3297 1213 3385 nuptum
1237 3281 1297 3358 da·

187 3399 299 3498 derit,
322 3401 478 3476 medicos
513 3427 653 3502 graecos
684 3401 858 3502 quosdam
894 3403 933 3476 in
973 3427 1104 3477 novam
1141 3401 1297 3476 Persidis

187 3519 339 3618 urbem,
364 3535 404 3596 ut
428 3521 519 3596 filiae
542 3521 770 3619 inservirent,
786 3535 892 3623 atque
912 3519 965 3594 illi
979 3520 1193 3595 medicinam
1209 3519 1297 3622 Hip·

188 3642 402 3742 pocraticam
430 3642 469 3714 in
504 3641 648 3716 Oriente
679 3641 886 3718 duruerunt.
921 3641 1025 3715 Anao
1059 3667 1146 3717 vero
1160 3643 1174 3739 ',
1207 3637 1297 3716 alius

188 3762 340 3860 sonptov
372 3759 573 3857 orientalis,
607 3761 775 3862 Saporem
805 3761 874 3856 tt,
907 3760 969 3859 qui
999 3773 1158 3861 tempore
1181 3757 1298 3860 'longe

189 3876 374 3978 posteriori
398 3875 505 3974 vixit,
529 3875 574 3950 ab
599 3902 693 3951 anno
718 3875 882 3952 videlicet
907 3875 981 3974 309
1006 3875 1052 3950 ad
1077 3875 1166 3972 380,
1190 3875 1299 3952 odeo·

189 4019 259 4094 que
284 4017 372 4066 aevo
395 3993 488 4068 inter
511 3993 770 4069 Diocletianum
794 4019 836 4068 ae
852 3991 1094 4068 Theodosium
1110 3993 1301 4091 Magnum,

190 4108 287 4188 urbis
303 4107 522 4184 eonditorem
538 4109 642 4184 luisse
659 4107 835 4206 ostendit,
855 4133 963 4211 quam
983 4107 1194 4186 senteutiam
1217 4129 1299 4178 eur·
1324 4209 1325 4214 Ἰ

23 4277 28 4288 ,
188 4227 380 4302 didssimus
405 4227 582 4308 Saturum
606 4227 893 4305 vemsimiliorena
924 4251 1000 4302 esse
1029 4223 1228 4300 arbitretur.
1253 4224 1298 4301 ld

188 4357 309 4422 tamen
334 4357 431 4424 extra
456 4344 683 4426 dubitationis
708 4345 821 4422 Qum
845 4346 1000 4449 positum
1031 4355 1107 4437 est,
1131 4339 1298 4419 Subolem

192 4461 534 4566 Gandisaporensem
562 4481 738 4570 postrema
768 4481 869 4571 parte
898 4463 1027 4542 meridi
1055 4463 1117 4542 Vt
1142 4464 1298 4570 primum
