3228 5166
304 373 352 446 28

302 481 613 588 nummum,
637 489 801 589 Wnrrr,
826 488 1014 586 Gnaeum,
1043 493 1079 563 ut
1104 489 1244 567 Crustu
1268 483 1408 588 potissi-

301 628 403 686 mum
428 625 609 684 auxerunt
634 639 684 668 «κ-
707 611 812 713 Anno
836 610 981 684 demum
1013 607 1106 712 1754
1131 609 1318 680 Gananots
1344 628 1428 678 vau¹

303 733 486 828 Surrrru,
510 734 656 807 eximius
681 731 740 806 ille
761 732 942 807 literarum
967 746 1169 834 promotor,
1185 735 1281 832 jussu
1299 729 1410 802 Divae

301 845 558 952 imperatricis,
576 851 754 926 MARttE
768 849 1061 947 THERESIAE,
1081 847 1314 926 Vindobonue
1330 873 1410 947 pro-

301 971 420 1070 prium
437 997 478 1044 ac
494 977 696 1072 separatum
719 971 927 1045 Institut'um
950 971 1117 1044 clinicum
1140 973 1179 1042 in
1195 965 1411 1043 Nosocomio

303 1089 438 1186 cirico,
462 1091 584 1189 uiginti
609 1089 710 1166 lectis
734 1091 969 1187 instmctum,
1002 1091 1082 1163 usui
1107 1101 1277 1190 tyronum
1301 1087 1411 1160 desti³

303 1208 422 1302 navit,
446 1232 601 1307 quorum
625 1205 776 1280 eruditio
800 1207 960 1280 Auromo
987 1233 1032 1278 us
1057 1205 1179 1300 Hecu,
1202 1202 1411 1276 Boerhaarii

304 1322 479 1424 discipulo
503 1324 730 1422 doctissimo,
753 1349 794 1397 ac
819 1349 957 1396 summe
974 1333 1118 1424 experto
1135 1323 1212 1396 viro
1229 1309 1297 1394 luit
1312 1347 1410 1394 com*

304 1441 420 1512 inissa.
445 1441 531 1512 Post
556 1440 683 1512 Ilaenii
702 1439 841 1514 obitum
856 1439 949 1512 hanc
965 1439 1184 1540 provinciam
1200 1463 1294 1510 anno
1318 1435 1413 1538 1776

307 1558 462 1657 suscepit
488 1559 745 1631 Maximinianos
769 1559 906 1655 Sront‘,
929 1560 1004 1659 ipsa
1021 1581 1105 1630 vero
1122 1557 1242 1631 schola
1261 1557 1415 1656 practica

307 1670 346 1746 in
359 1663 610 1748 Nosocomium
626 1674 869 1748 suburbanum
881 1676 938 1748 ss,
951 1675 1148 1770 Trinitatis,
1161 1683 1203 1746 ct'
1213 1699 1306 1746 anno
1323 1671 1416 1774 1784

306 1781 346 1864 in
377 1790 684 1866 valetudinarium
714 1819 893 1892 magnum.
914 1791 1079 1868 translata
1112 1807 1174 1865 cst.
1205 1792 1284 1866 lon,
1308 1793 1416 1863 Ps‘rn.

306 1900 428 1984 Fusus
453 1909 497 1986 ab
522 1936 616 1984 anno
647 1909 737 2013 1795
770 1912 816 1984 ad
854 1912 946 2005 1804
960 1965 974 2002 ,
1005 1926 1041 1984 et
1070 1910 1229 1984 Vaneur.
1260 1935 1302 1984 au
1328 1910 1415 1982 Hn·

308 2053 508 2127 nsusmuo,
532 2073 583 2088 -
606 2057 732 2132 parens
757 2032 845 2106 mihi
870 2033 1154 2128 amantissimus,
1183 2043 1220 2105 et
1244 2029 1290 2104 ud
1313 2029 1417 2102 busta

309 2149 477 2224 colendus
503 2164 729 2250 praeceptor,
745 2191 796 2206 ·-
812 2150 856 2223 ab
873 2177 967 2224 anno
990 2149 1084 2224 1806
1108 2147 1283 2250 usquead
1305 2149 1418 2242 1818,

311 2267 539 2342 celeberrimo
564 2267 648 2340 huic
672 2295 736 2368 per
760 2293 902 2341 omnem
920 2282 1092 2341 terrarum
1109 2267 1232 2340 orbam
1247 2263 1418 2366 Ephcbeo

311 2383 563 2486 praefuerunt,
587 2385 685 2485 quod
708 2385 755 2458 ad
778 2373 990 2460 hodiernum
1014 2403 1126 2487 usque
1151 2385 1247 2458 diem
1263 2382 1329 2457 sub
1347 2377 1419 2453 fuu-
1464 2439 1469 2447 .

309 2507 372 2578 stis
396 2504 558 2604 auspiciis
583 2505 699 2576 eximii
723 2503 848 2578 donar.
873 2503 961 2578 Nur.
986 2505 1162 2578 Rauranum
1187 2501 1298 2577 floret.
1413 2549 1416 2554 -

359 2623 473 2697 Nimis
498 2648 519 2695 a
543 2648 652 2722 scopo
681 2607 901 2719 aberrarem,
932 2625 962 2695 si
996 2623 1125 2696 referre
1150 2621 1302 2716 vellem,
1332 2632 1420 2718 quot

310 2755 348 2816 ct
381 2739 502 2842 qrmles
537 2741 675 2814 scholas
709 2742 901 2816 instituerit
936 2759 1096 2844 quaeque
1129 2743 1248 2842 regio,
1285 2734 1420 2811 clinicis

310 2863 436 2938 studiis
460 2863 672 2958 destinatas,
697 2889 738 2937 ac
762 2865 910 2936 nimiam
934 2863 1092 2965 prolecto
1117 2864 1155 2935 in
1179 2861 1312 2936 molem
1344 2873 1420 2932 tur-

311 2977 549 3084 gesceret'hic
573 3008 673 3055 maus
697 2981 904 3056 tractatulus
928 2983 1140 3082 isagogicus,
1170 2982 1199 3053 si
1235 2976 1422 3052 chronolo-

312 3103 389 3199 gica
414 3100 502 3174 serie
527 3115 841 3198 enumerarentur,
866 3115 971 3202 atque
996 3099 1174 3200 epicritica
1208 3083 1343 3197 arralysi
1368 3094 1437 3167 di·-

312 3221 554 3320 squirerentur
578 3245 700 3295 omnes
727 3232 763 3293 ct
787 3219 943 3318 singulae
969 3215 1115 3291 Sclrolac
1133 3215 1308 3310 Clinicus,
1333 3239 1424 3313 quae

313 3336 503 3438 praeterito
528 3349 564 3408 ct
586 3350 747 3411 currente
763 3336 903 3410 sanctulo
920 3337 1140 3438 superiorum
1157 3323 1204 3408 ad
1219 3331 1423 3432 exemplum

315 3451 478 3526 conditae
512 3450 642 3548 luere,
682 3456 904 3553 promotione
933 3453 1128 3528 medicinae
1164 3451 1423 3553 hippocraticae

314 3591 388 3642 non
413 3567 551 3663 minus,
575 3593 616 3641 ao
640 3570 869 3669 Antistitum,
893 3588 1015 3646 aarum
1049 3597 1172 3645 curam
1208 3569 1424 3668 gerentium,

315 3688 441 3788 peritia
465 3685 626 3760 illustres.
651 3689 809 3763 Potiores
834 3692 995 3765 notiones
1021 3691 1170 3792 cupidus
1194 3690 1305 3764 lector
1327 3689 1424 3762 inve·

315 3806 391 3878 niet
426 3807 465 3879 in
501 3804 605 3879 docta
642 3807 881 3907 praefatione,
919 3835 1027 3912 quam
1062 3809 1201 3884 Clariss.
1238 3807 1428 3880 Gaurana

315 3921 457 3996 Rationi
473 3922 638 4038 medendi
654 3925 712 4024 pie
729 3923 887 4000 defuncti
908 3929 1084 4028 parentis,
1107 3928 1147 3999 iu
1170 3924 1335 4026 gallicum
1360 3949 1431 4012 scr7

316 4065 460 4114 monem
492 4039 698 4137 translatae,
726 4045 939 4146 praeposuit
971 4043 1193 4117 Immorabor
1224 4044 1328 4114 unice
1356 4039 1428 4113 Cli-

317 4159 413 4232 niccs
439 4157 655 4255 Ticinensis,
681 4163 754 4259 jam
779 4187 799 4234 a
824 4163 938 4263 prima
954 4187 1017 4234 sua
1034 4163 1168 4262 origine
1185 4161 1429 4259 famigeratio,

318 4279 423 4376 fatis,
448 4303 561 4378 eoque
596 4279 784 4377 libentius,
821 4281 919 4383 quod
944 4281 988 4356 ab
1014 4280 1216 4358 auctoribus
1242 4277 1300 4354 vel
1335 4279 1429 4348 sicco

318 4411 459 4472 tantum
484 4395 619 4472 calamo
644 4397 874 4497 adumbrata,
909 4399 967 4476 vel
997 4397 1102 4502 plane
1134 4397 1309 4473 historicis
1334 4417 1431 4468 erro-

319 4515 417 4591 ribus
443 4517 638 4596 adulteruta
665 4519 817 4594 luerunt.
