3228 5166
199 459 308 553 situs,
330 455 528 560 pariterque
553 457 720 560 amplus,
743 455 907 562 hyberno
923 477 1082 566 ternpore
1101 339 1315 567 praelectidl¹

198 574 302 649 nibau
327 577 366 650 in
389 577 629 678 patlrologiam
654 591 690 651 et
714 577 912 679 therapium
930 581 1116 682 specialem
1139 585 1322 680 inservit,

197 696 340 770 aestivis
363 695 489 770 diebus
514 693 662 768 seminas
687 695 971 770 convalescentes
987 699 1140 798 recipere
1165 701 1258 776 sinit

246 810 393 887 Praeter
414 811 593 886 sexdecim
627 811 817 908 fenestras,
850 815 982 914 partim
1014 839 1136 890 versus
1165 818 1308 920 Septen·

197 931 373 1026 trionem,
396 931 526 1030 parum
550 955 671 1004 versus
696 933 896 1033 oppositam
931 932 1020 1008 coeli
1053 931 1193 1034 plagam
1215 935 1309 1010 dire·

199 1061 301 1142 ctas,
325 1047 428 1147 plura
452 1047 519 1121 alia
544 1047 718 1149 spiracula
754 1051 958 1150 requisitam
995 1051 1085 1124 atris
1118 1053 1309 1152 puritatem

200 1186 407 1238 conservare
432 1169 563 1266 juvant
580 1165 675 1238 Dum
690 1165 817 1240 bruma
833 1169 967 1262 saevit,
985 1169 1166 1270 temperiei
1182 1195 1311 1270 aequa-

200 1277 289 1374 bili,
307 1305 414 1380 quam
438 1293 557 1356 taurcrr
582 1307 766 1382 nunquam
796 1305 839 1357 ro
869 1283 1034 1384 grarbbus
1065 1283 1311 1360 thermometri

200 1398 446 1472 Reaumrniani
477 1403 649 1500 majorem
672 1425 747 1474 esse
772 1399 959 1497 volumus,
983 1401 1143 1476 fornaces
1176 1401 1313 1502 prospi-

198 1521 297 1594 ciunt
322 1519 479 1620 figulini,
502 1547 586 1594 eum
610 1519 649 1594 in
682 1521 833 1596 modum
874 1523 1089 1618 constructi,
1122 1536 1164 1596 ut
1180 1557 1187 1566 ·
1203 1519 1328 1594 simul·

197 1636 353 1738 potabus
378 1652 415 1712 et
438 1635 748 1739 cataplasmatibus
774 1637 1059 1714 excalefaciendis
1083 1639 1285 1714 inserviant.

248 1755 330 1829 Duo
364 1753 603 1850 Adsistentes,
638 1755 727 1828 alter
753 1754 938 1851 lllsdicus,
973 1755 1166 1855 Chirurgus
1200 1755 1311 1852 alter,

199 1899 354 1947 unacum
379 1873 574 1974 adaequato
598 1875 761 1952 famulitii
786 1901 935 1952 nurnero
964 1880 1176 1952 necessarias
1199 1879 1310 1978 aegris

199 1991 319 2065 lerunt
342 1993 529 2092 suppetias.
555 1993 714 2066 Medicus
738 1993 938 2068 aramius
968 1993 1148 2094 invigilat,
1176 2007 1217 2068 ut
1240 1994 1310 2070 dis·

199 2111 359 2212 pensatio
406 2110 521 2186 viotus
561 2126 598 2185 et
634 2111 974 2188 medicamentorum
1006 2111 1230 2216 praescriptis
1257 2137 1326 2187 re·

198 2227 392 2328 spondeat,
415 2241 456 2301 ut
480 2227 620 2304 debitum
645 2231 683 2303 in
708 2243 784 2305 toto
808 2229 970 2304 instituto
1006 2255 1125 2304 rerum
1154 2228 1246 2304 ordo
1268 2255 1311 2304 ac

196 2369 336 2418 summa
360 2343 551 2420 mundities
575 2361 760 2441 servetur,
792 2346 987 2420 studiosam
1021 2351 1243 2448 juventutem
1272 2347 1311 2421 in

196 2461 462 2536 conscribendis
490 2461 698 2538 morborum
726 2463 880 2538 historiis
914 2463 1053 2562 dirigit,
1087 2491 1129 2538 ac
1165 2461 1310 2538 utilibus

194 2591 336 2653 exercet
369 2579 644 2680 repetitionibus.
682 2579 858 2682 Tempore
892 2581 1140 2654 motationis
1158 2579 1308 2655 clinicae

192 2695 384 2798 professori
410 2697 566 2793 misistis,
589 2698 806 2798 vespertinas
835 2711 958 2773 contra
988 2699 1206 2773 visitationes
1233 2699 1309 2798 ipse

191 2816 400 2914 exequitur,
417 2815 553 2890 cunctis
570 2813 674 2904 rebus
690 2813 776 2909 dia,
791 2827 946 2890 nomam
970 2815 1172 2887 necessariis
1193 2839 1311 2912 prom·

191 2946 258 3040 pte
284 2933 477 3027 succurrit,
501 2957 543 3004 ac
568 2931 730 3007 viduatos
752 2931 863 3006 lectos
884 2955 979 3006 novo
1000 2929 1171 3032 adimplet
1190 2929 1312 3030 'aegro-

194 3048 350 3122 tantium
374 3073 533 3138 nurnero.

248 3165 397 3262 Insuper
421 3163 633 3238 terrenarum
658 3188 762 3238 orrrae
792 3175 931 3265 praeest
964 3187 1036 3237 una
1070 3189 1091 3238 e
1122 3161 1323 3239 Sororibus·

193 3274 423 3376 monasticis,
447 3305 536 3382 quas
559 3280 905 3381 panvivaedr'catas
929 3280 1152 3384 compellant
1178 3281 1328 3377 Eiristit·

194 3399 331 3499 quippe
361 3403 433 3501 jam
466 3396 512 3472 ab
550 3421 645 3472 auno
684 3396 772 3492 1451
812 3399 906 3474 intra
939 3401 1133 3476 nosocomii
1168 3399 1309 3476 moenia

191 3515 711 3619 philanthropicusVirginum
735 3529 874 3615 coetrrs,
898 3519 1071 3596 curationi
1101 3543 1311 3620 ceparum,

190 3637 386 3712 linteorum
420 3635 624 3745 custodiae,
658 3635 804 3740 aliisque
839 3639 1068 3714 muliebribus
1105 3641 1309 3716 ministeriis

190 3757 397 3858 destinatus.
432 3755 625 3844 Interiissct
658 3781 743 3833 cum
779 3757 859 3833 lau's
889 3755 1114 3834 volventibus
1149 3757 1309 3832 benefica

189 3877 322 3953 haecce
357 3875 526 3972 societas,
560 3876 600 3949 ni
634 3876 807 3976 Regimirri
844 3877 995 3979 provido
1029 3877 1116 3952 meis
1152 3861 1308 3952 annuere

189 3995 367 4098 precibus
382 3993 581 4098 placuisset
618 3995 723 4071 Arurc
760 3997 854 4096 1819
877 4013 997 4074 secuta
1028 3999 1309 4093 restauratione,

184 4140 326 4217 paucae
352 4140 488 4190 sorores
512 4116 717 4216 superstites
739 4117 946 4218 pristinam,
969 4133 1078 4221 quam
1099 4118 1179 4193 siue
1201 4141 1307 4192 causa

187 4233 370 4337 deponere
393 4231 633 4334 cogebantur,
656 4233 774 4310 denuo
797 4235 994 4312 induebant
1009 4249 1145 4313 vestan
1161 4231 1302 4336 religioss

189 4375 290 4446 nm,
313 4346 502 4452 pluresque
526 4375 666 4446 novae,
686 4351 782 4452 piam
806 4379 978 4455 premere
991 4353 1173 4455 cupientes
1199 4351 1305 4426 semi·
1334 4407 1339 4414 .

191 4483 290 4566 tarn,
313 4465 444 4544 rodem·
461 4465 622 4544 solemni
654 4469 871 4548 ornabantur
901 4473 1042 4554 andelu-
1067 4477 1116 4530 ·‘-
1143 4459 1243 4564 Quae
1268 4473 1305 4547 in

242 4573 431 4669 flursrrr.
456 4587 553 4664 Amr.
581 4589 731 4666 creas.
1082 4593 1105 4683 4
