3148 5170
330 381 403 458 266

328 505 457 586 lentius
482 491 715 605 evolvuntui3
738 509 786 584 ita
812 510 918 586 etiam
944 493 981 582 in
1006 508 1183 611 praesenti
1200 533 1285 583 casu
1310 503 1489 580 accidit.
1573 488 1574 503 ¹

326 622 461 698 Natura
487 625 642 700 humana
667 629 826 729 pessimis
852 627 1032 702 interdum
1061 626 1237 700 adsuescit
1273 623 1480 700 conditio·
1572 629 1573 690 l

327 741 452 838 nibus,
477 743 671 822 dummodo
695 744 919 847 pedetentim
950 747 1128 848 irrepant,
1161 742 1252 818 adeo
1285 755 1327 814 nt
1364 739 1483 812 haud

328 881 409 934 raro
434 859 608 936 dillicilius
633 863 679 936 sit
703 865 797 939 vitae
823 861 958 936 tamdiu
985 861 1200 964 superstitis,
1217 885 1328 962 quam
1361 885 1477 931 mor·-

289 975 294 984 ’
329 979 375 1052 tis
400 979 573 1054 rationem
599 982 777 1082 expiscari.
802 981 963 1054 Primum
989 979 1275 1081 aortevrysmatis
1303 1000 1477 1076 germen

328 1095 456 1196 procul
480 1095 589 1172 dubio
615 1103 686 1199 jam
710 1114 792 1174 ante
820 1113 891 1174 tres
917 1124 1028 1173 annos
1045 1099 1199 1200 positum
1217 1108 1312 1192 cratz,
1329 1108 1475 1167 utrum

328 1212 479 1322 simplex
503 1215 541 1288 iu
564 1215 709 1292 exordio
734 1215 893 1292 dilatatio
921 1213 1050 1318 (qnod
1073 1213 1197 1288 saltem
1229 1209 1472 1315 probabilius

332 1329 533 1429 rideretur,
556 1334 585 1406 si
611 1347 744 1410 statum
768 1347 888 1410 aortae
914 1331 1112 1408 tlroraoicae
1136 1355 1221 1434 prae
1246 1327 1368 1404 oeulis
1401 1327 1474 1400 ba-

329 1447 504 1547 bemus),
519 1451 577 1546 vel
593 1473 677 1528 vera
695 1455 896 1552 tunicarum
920 1454 1182 1526 interanearum
1207 1463 1382 1551 ruptura,
1400 1449 1469 1522 vir

331 1565 606 1644 decernendum.
631 1571 829 1673 Propbases
853 1570 1080 1646 invenientur
1105 1569 1142 1642 in
1174 1565 1367 1641 itineribus
1394 1589 1469 1666 pe-

331 1683 395 1759 des
421 1688 590 1786 peractis,
614 1688 725 1763 abusu
751 1690 1042 1791 spirituesorum,
1081 1685 1230 1760 Veneris
1261 1679 1393 1780 cultu,
1419 1684 1465 1754 in

331 1803 434 1878 malis
459 1806 669 1908 syphilitieis
694 1808 886 1910 perpessis,
918 1806 1066 1907 repetita
1107 1829 1191 1878 cura
1230 1801 1467 1896 mercuriali,

334 1923 373 1996 in
398 1923 540 2024 opificio
564 1925 721 2023 cisiario,
745 1938 782 2000 et
805 1923 903 2028 quod
933 1923 1077 2026 plurimi
1108 1935 1182 2016 est,
1212 1920 1465 1994 in'continua

334 2040 424 2114 serie
449 2066 699 2116 aeruunrarum
715 2056 752 2118 et
767 2041 1012 2144 patlrematurn
1030 2037 1194 2114 tristiuui.
1211 2038 1353 2112 Harum
1377 2063 1464 2114 cau·

334 2181 456 2232 sarum
493 2159 685 2234 nonnullae
722 2188 928 2262 compagem
964 2153 1161 2236 solidorum
1199 2153 1461 2256 lufirmabaut,

337 2274 427 2349 aliae
462 2275 591 2350 virium
635 2277 744 2352 robur
781 2277 1017 2374 hebetabant,
1051 2277 1229 2379 sanguinis
1264 2277 1459 2352 circuitum

335 2394 572 2470 incendebant
596 2393 705 2492 aliae,
729 2411 835 2499 atque
860 2397 978 2473 denuo
1004 2397 1092 2472 aliae
1117 2421 1281 2474 vasorum
1298 2399 1454 2499 parietes

334 2511 597 2588 exnmulabanc
622 2514 703 2590 Neu
728 2515 910 2617 possemus
936 2507 1095 2617 prolecto
1119 2515 1262 2616 genesin
1279 2539 1453 2616 quarum-

335 2629 417 2704 dam
446 2632 685 2706 mutationum
716 2633 958 2734 organicarnm
996 2633 1203 2734 concipere,
1241 2632 1295 2706 uti
1332 2646 1453 2706 essem

334 2749 511 2850 parietum
546 2747 664 2824 aortae
701 2751 883 2853 spissitss,
917 2749 1308 2852 pseudomembranac,
1340 2751 1454 2824 caries

334 2867 599 2966 vertebrarum,
622 2867 691 2944 nisi
716 2895 901 2972 processus
926 2867 1135 2972 phlogoseos
1170 2868 1286 2944 lentae
1316 2895 1452 2972 suppo-

334 3001 494 3085 neretur,
518 3001 734 3090 quapropter
758 2987 973 3089 angiotidem
1008 2979 1227 3062 chronicam
1248 3001 1355 3089 atque
1386 3011 1449 3062 oc·

337 3103 493 3203 cultam,
527 3109 585 3180 cui
619 3107 730 3182 scrius
771 3121 810 3182 et
849 3104 1060 3208 spondylitis
1102 3107 1271 3208 accessit,
1292 3149 1345 3164 -
1368 3120 1453 3181 utut

334 3223 493 3326 primum
517 3226 771 3327 anevrysmatis
796 3237 914 3302 ortum
936 3226 970 3299 ei
994 3225 1194 3300 adscribere
1218 3251 1291 3301 nou
1316 3225 1450 3302 arride·

337 3355 414 3438 ret,
438 3383 489 3400 -·
504 3367 570 3417 cen
588 3343 755 3417 comitem
771 3344 980 3418 continuum
997 3357 1034 3417 et
1049 3341 1449 3447 praecipuam-cacoph-

335 3460 444 3534 sticae
461 3461 784 3562 metamorphoseos
798 3487 942 3536 causam
958 3487 1167 3562 agnoscere,
1194 3461 1321 3536 rationi
1343 3464 1449 3536 maxi·

336 3601 396 3651 me
431 3597 628 3652 consonum
660 3578 811 3655 videtur.
845 3579 974 3654 Aortae
1008 3592 1195 3681 rupturam
1231 3579 1355 3672 eadem
1391 3577 1447 3652 die

337 3693 523 3794 contigisse
563 3693 799 3794 arbitramur,
834 3723 904 3799 qua
946 3699 984 3772 in
1019 3697 1276 3774 Nosocomium
1312 3695 1445 3773 delatus

337 3811 513 3888 funestam
537 3837 660 3916 passus
684 3829 739 3892 est
761 3843 954 3920 syncopen.
980 3819 1102 3912 Quum
1122 3844 1213 3896 nero
1235 3845 1276 3893 ea
1299 3817 1444 3898 durante

336 3929 515 4030 sanguinis
541 3931 722 4009 circulatio
747 3936 927 4032 constitit,
950 3938 1127 4038 praesumi
1151 3951 1291 4039 potest,
1313 3937 1443 4013 tlrrom·

337 4045 426 4122 bum
455 4047 589 4123 lactum
623 4049 751 4150 fnisse,
780 4067 818 4128 et
851 4079 983 4130 novam
1017 4069 1203 4157 rupturam
1237 4055 1443 4153 occlusisse,

338 4165 434 4238 unde
471 4163 701 4244 haemostasis
742 4185 964 4272 spontanea,
998 4187 1034 4248 et
1076 4175 1289 4277 temporaria
1320 4175 1442 4250 virium

336 4283 499 4360 miesco:
516 4286 693 4374 Restituto
717 4289 866 4368 circuitu
891 4292 1105 4392 humorum,
1129 4319 1172 4368 ac
1196 4291 1374 4369 imbecillo
1396 4295 1443 4368 ol·

338 4403 516 4484 lendiculo
540 4409 644 4483 reniti
662 4411 872 4513 nequiente,
888 4412 1041 4491 secunda
1058 4413 1271 4517 sequebatur
1292 4415 1442 4503 bremon·

338 4517 479 4625 thaps,
502 4523 569 4602 sub
594 4533 696 4634 cnjus
727 4530 861 4636 impetu
893 4535 1010 4637 ipsum
1047 4535 1289 4638 peritonaenm
1325 4535 1441 4634 cessit,
