3228 5166
343 347 547 542 soma
570 478 606 542 et
628 461 781 540 &mnes
805 461 1149 564 Regncaesamus,
1172 489 1217 538 ac
1240 459 1389 536 Ducalis

638 581 843 656 Provinciae
867 579 1152 656 Medotamnsis.

392 821 706 921 „cumprimum
730 819 820 921 Aug.
842 821 891 896 Μ.
915 819 1084 894 Tlreresia
1112 817 1159 894 ad
1187 819 1301 919 regiae
1331 833 1448 920 pater-

343 973 361 1008 „
384 965 451 1012 nae
481 937 658 1040 dignitatis
687 937 863 1038 fastigium
891 952 1013 1013 evecta
1044 951 1119 1036 est,
1148 936 1239 1010 nihil
1273 937 1450 1038 antiquius

344 1092 362 1124 η
384 1055 527 1153 habuit,
551 1082 659 1157 quam
689 1068 730 1130 ut
763 1055 1011 1152 scientiarum,
1043 1051 1287 1158 borrammque
1321 1057 1449 1130 artium

343 1206 361 1241 a
384 1172 500 1246 studia
524 1172 656 1275 ubique
680 1171 867 1268 florerent,
890 1186 927 1246 et
950 1172 997 1248 ad
1019 1174 1205 1274 pristinam
1228 1171 1375 1274 gloriam
1398 1199 1451 1247 re·

342 1325 361 1360 a
383 1305 614 1388 vocarentur,
637 1317 709 1394 quo
733 1291 901 1365 enectum
925 1305 999 1386 est,
1023 1303 1064 1363 ut
1087 1289 1234 1364 Excelsa
1259 1289 1346 1364 haec
1370 1289 1448 1364 lite—

342 1441 361 1476 a
383 1432 503 1482 rarum
526 1409 678 1504 Parens,
701 1419 745 1480 et.
761 1405 875 1482 Altrix
898 1406 1005 1488 sinn
1021 1431 1104 1482 cum
1121 1408 1264 1509 Imperii
1280 1407 1450 1508 gnbema-

342 1557 361 1594 s
383 1525 506 1621 tione,
538 1523 737 1600 liberalium
771 1523 1036 1628 disciplinarum
1071 1523 1220 1598 tutelam
1257 1527 1450 1627 suscepisse

341 1677 361 1714 a
383 1643 571 1718 videretur.
594 1643 673 1718 lloc
701 1644 821 1745 itaque
855 1656 1047 1745 praeeunte
1083 1643 1203 1728 Sidere
1236 1642 1276 1717 id
1309 1669 1451 1744 quoque

342 1799 361 1834 a
383 1767 523 1863 evenit,
538 1779 595 1862 ut,
611 1791 694 1838 cum
710 1765 859 1838 Senatus
874 1763 1060 1858 cultiorem
1074 1761 1326 1837 tradendarum
1342 1764 1452 1836 scien-

341 1913 361 1954 n
384 1882 513 1958 darum
546 1882 757 1958 methodum
790 1882 829 1956 in
863 1881 969 1982 Regia
1000 1881 1179 1956 Ticinensi
1214 1882 1452 1956 Universitete

340 2033 361 2072 s
383 1999 655 2102 praescriberet,
677 2022 902 2102 summopere
927 1998 1044 2074 eidem
1070 2001 1248 2100 Augustae
1277 1999 1451 2074 Dominae

332 2153 361 2196 ,ι
382 2133 526 2221 accepta
551 2119 657 2194 suerit
681 2119 769 2197 haec
793 2133 914 2196 nostra
929 2118 975 2196 de
990 2119 1152 2194 literanis
1167 2119 1292 2194 auidiis
1316 2120 1450 2194 instau-

341 2271 361 2308 κ
382 2237 503 2312 randis
525 2236 738 2314 sollicitudo.

234 2360 237 2369 '
391 2390 411 2425 η
433 2357 528 2432 Hine
552 2371 742 2458 postquam
764 2370 905 2434 maturo
938 2354 1070 2458 judicio
1103 2354 1151 2430 ad
1186 2368 1339 2436 caeteras
1362 2353 1450 2429 lihe-

341 2509 362 2544 2»
383 2473 476 2550 rales
508 2473 711 2577 disciplinas
745 2487 853 2577 apte,
887 2473 1090 2577 militesque
1124 2472 1332 2548 excolendas
1357 2475 1452 2549 viros

342 2629 361 2668 n
383 2597 524 2698 ingenio
548 2611 585 2670 et
608 2596 768 2672 doctrina
793 2608 1008 2698 praestantes
1033 2597 1181 2670 Semtus
1206 2593 1371 2696 elegerit,
1394 2619 1451 2668 re-

341 2745 361 2782 »
383 2711 523 2814 liquum
546 2727 643 2811 erat,
667 2727 730 2810 ut,
753 2727 903 2788 vacante
931 2713 1107 2788 Catlredra
1139 2713 1334 2788 Medicinae
1368 2739 1451 2814 pra·

341 2868 360 2902 a
382 2833 493 2907 eticae
518 2831 738 2928 ordinariae,
770 2831 941 2906 idoneum
975 2829 1180 2931 clerumque
1213 2829 1451 2906 Professorem

340 2983 360 3020 a
381 2950 420 3024 in
444 2947 512 3029 hac
535 2947 619 3024 sede
644 2949 956 3046 constitueremus,
979 2948 1042 3050 qui
1065 2947 1260 3023 studiosam
1284 2951 1450 3059 juventu·

340 3104 360 3140 a
383 3083 457 3144 tem
481 3067 668 3144 tutioribus
694 3067 742 3144 ad
764 3094 886 3152 voum
909 3069 1047 3170 prardm
1081 3067 1384 3144 donationibus
1409 3095 1451 3142 ac

340 3220 360 3255 s
381 3188 577 3288 praeceptis
601 3187 806 3284 instrueret,
830 3185 1065 3288 medendique
1090 3199 1204 3262 amm
1228 3183 1451 3288 explanaret,

340 3339 360 3374 s
381 3302 520 3379 duobus
544 3305 646 3404 qnasi
680 3303 840 3378 crun’bus
874 3303 1099 3380 incedentem
1121 3303 1450 3406 (quemadmodum

230 3501 234 3514 „
339 3457 360 3490 s
379 3434 503 3496 monet
525 3419 702 3494 Vallesius
718 3427 750 3518 l,
775 3422 989 3524 experientia
1012 3423 1205 3520 nmirum,
1233 3435 1271 3496 et
1294 3423 1451 3518 ratione,

340 3571 360 3606 a
382 3537 432 3611 ita
454 3551 496 3610 ut
520 3561 594 3611 ono
617 3535 823 3635 deficiente,
839 3536 991 3612 alterum
1006 3563 1149 3640 prorsus
1166 3563 1298 3614 vanum
1319 3552 1356 3613 et
1371 3540 1450 3614 inn-

339 3687 361 3723 »
381 3651 444 3728 tile
466 3651 602 3730 evadat.
627 3653 853 3756 Exponenda
876 3655 1008 3758 quippe
1042 3657 1140 3732 veria
1173 3653 1376 3758 suppeditat
1400 3655 1447 3732 ad

339 3807 360 3846 a
380 3772 700 3873 argumentationes
734 3773 888 3860 medicas
924 3775 1146 3872 necessaria,
1184 3775 1288 3850 Ratio
1327 3773 1449 3876 dispo·

210 3979 215 3982 .
338 3892 457 3989 enit3
478 3932 530 3948 —
552 3889 613 3964 illa
637 3889 789 3992 colligit,
813 3892 901 3968 haec
926 3891 1081 3996 judicat,
1097 3905 1246 3994 utraque
1270 3915 1356 3968 vcro
1379 3917 1452 3966 me·

339 4045 359 4084 a
381 4009 499 4086 dicam
522 4023 636 4086 artem
659 4011 806 4112 perficit
1457 4061 1462 4074 ·

390 4163 409 4198 η
431 4129 521 4204 Prae
558 4128 703 4202 caeteris
736 4129 883 4232 itaque,
916 4130 1005 4232 qui,
1041 4134 1137 4232 juxta
1173 4128 1259 4204 novi
1293 4128 1451 4202 hutimti

338 4283 360 4320 a
381 4247 569 4343 rationem,
593 4245 773 4322 doctrinae
798 4275 881 4324 suae
915 4245 1114 4352 periculum
1148 4245 1296 4322 fecerint
1329 4271 1449 4322 coram

340 4399 359 4436 s
381 4363 513 4442 Illustri
538 4361 690 4458 Ordinis
705 4367 816 4441 nostri
839 4365 1024 4462 Praeside,
1047 4391 1089 4442 ac
1106 4363 1299 4466 Magnificis
1314 4362 1449 4436 Duum·

340 4515 360 4552 a
382 4481 486 4581 nris,
510 4481 680 4584 judicium
705 4481 787 4560 inde
822 4482 1036 4585 ferentibus,
1070 4481 1269 4560 clarissimis
1301 4479 1342 4562 in
1371 4491 1447 4556 arte
