3158 6116
111 405 142 1428 =ffi‡-=ff-n—=-

110 1475 140 1576 i

119 1863 146 2405 z’n‘w—Qfl

130 2435 140 2508 i

128 2571 140 2630 Ι

129 2698 139 2747 Ι

128 2825 137 2869 ι
157 2861 160 2870 ,

128 2917 136 2990 i

1316 279 1387 377 239

272 423 466 499 pyrenae,
502 407 538 469 et
574 391 795 467 characteres.
827 391 983 468 sordium
1022 393 1173 496 aliquam
1210 423 1292 471 cum
1317 395 1388 470 bile

271 513 474 613 analogiam
498 511 698 586 ostendunt
724 511 937 584 Omittamus
963 511 1095 586 febrem
1120 512 1298 610 biliosam,
1322 542 1387 590 no·

274 645 457 731 stramque
493 629 806 730 perscrutationem
836 627 1094 728 pathologicum
1123 631 1172 706 ad
1200 631 1310 706 solum
1335 633 1386 706 se·

272 747 728 847 brengario-emericum
754 745 1091 824 circumscribamus

287 912 292 918 -
327 865 514 964 organon,
537 863 824 970 quodhumores
848 863 1062 940 intestinales
1094 893 1114 940 e
1139 867 1306 968 saraguiue
1331 863 1389 941 ses

275 985 414 1080 cernit,
438 996 492 1058 est
516 981 720 1058 membrana
747 1007 898 1056 naucosa.
924 983 1077 1075 Quaevis
1103 997 1221 1058 autem
1239 985 1389 1060 secretio

274 1117 380 1177 aneta
405 1103 607 1204 (passivam
632 1104 661 1176 si
693 1103 844 1202 excipias
880 1101 1136 1205 hypoclepsin,
1169 1131 1328 1179 summae
1353 1119 1390 1180 et

274 1222 523 1325 colliquativae
560 1221 753 1296 debilitatis
789 1221 985 1315 effectum)
1021 1229 1191 1326 majorem
1220 1223 1390 1326 supponit

274 1366 442 1416 vascmm
468 1339 686 1441 capillariam
702 1341 941 1436 activitutem,
965 1342 1206 1419 incitationem
1227 1359 1390 1442 auctam,

275 1487 319 1534 ac
354 1459 505 1561 proinde
540 1473 674 1533 certam
710 1459 889 1566 quandam
927 1461 1167 1537 irritationem,
1204 1463 1389 1554 Quatenus

277 1577 459 1650 communi
485 1574 704 1651 medicorum
730 1577 844 1650 omnis
869 1579 944 1650 aevi
971 1603 1142 1652 consensu
1174 1593 1284 1654 status
1311 1581 1389 1654 irri-

276 1694 420 1769 tationis
445 1694 483 1766 in
507 1693 722 1766 membranis
746 1695 921 1790 mucosis,
947 1693 1097 1769 uberiori
1123 1698 1315 1771 secretione
1332 1723 1391 1773 co-

276 1813 442 1906 mitatus,
465 1808 620 1884 cenerici
644 1812 787 1884 nomine
812 1812 968 1910 insigniri
985 1811 1098 1910 solet,
1123 1827 1266 1886 caterius
1284 1815 1389 1888 etiarn

224 1991 227 1998 .
276 1929 434 2004 conditio
459 1925 679 2028 pathologica
706 1926 812 2000 subtis
837 1929 1144 2028 gnaro-outonem
1169 1929 1320 2003 aestivae
1337 1928 1389 2004 nil

276 2052 346 2124 nisi
369 2047 572 2124 caeremon
595 2050 826 2123 attestantem
839 2048 1004 2150 febrilem
1034 2051 1147 2126 refert.
1173 2052 1391 2152 Nosogeniae'

277 2167 405 2244 modus
431 2167 610 2245 adsertum
636 2166 728 2241 ultm
754 2170 961 2244 eorrssrmare
987 2175 1093 2271 iuvat.
1307 2251 1309 2264 γ

327 2287 549 2362 Inconcussis
576 2285 878 2370 observationibus
904 2289 1059 2361 evictum
1084 2303 1159 2384 est,
1189 2287 1302 2362 febres
1327 2301 1388 2388 gc·'

276 2407 400 2478 stricas
425 2403 584 2480 veniales
610 2403 657 2480 et
670 2403 818 2480 aestivas
845 2433 865 2478 e
892 2404 1154 2504 refrigeratione
1184 2407 1276 2478 oriri.
1294 2405 1390 2479 Haec

277 2521 422 2621 quidem
446 2521 626 2594 interdum
657 2519 900 2596 membranam
932 2547 1113 2596 mucosum
1143 2519 1327 2596 ventriculi
1352 2533 1389 2596 et

279 2638 522 2734 intestinorum
549 2635 752 2714 immediate
776 2635 920 2732 adficit,
945 2635 1028 2710 dato
1054 2663 1087 2711 v.
1104 2665 1134 2736 g.
1152 2651 1257 2738 pctus
1282 2637 1385 2737 gelidi

280 2781 385 2850 casu,
420 2753 720 2856 quemadmodum
754 2753 926 2830 bronchia
964 2768 1000 2828 et
1026 2754 1209 2855 pulmones
1234 2755 1280 2832 ab
1304 2781 1389 2830 aura

281 2873 404 2974 frigida
440 2873 681 2969 lacessuntur,
710 2912 764 2936 --
798 2871 902 2974 longe
938 2873 1105 2946 erebrius
1130 2888 1248 2948 umen
1283 2899 1390 2974 super

280 2996 391 3068 cutim
408 2993 521 3070 allidit
536 2994 718 3094 repentina
736 2993 916 3094 temperiei
943 2993 1057 3088 vices,
1082 2993 1388 3092 trampiratiouem

280 3128 316 3187 et
341 3110 527 3204 sudorem,
553 3125 750 3212 tepescente
773 3109 873 3186 coelo
890 3123 927 3184 et
944 3109 1094 3186 masinae
1110 3109 1249 3186 aestivis
1266 3109 1390 3184 (liebus

282 3231 499 3325 uberiorem,
523 3229 732 3330 supprimit,
757 3244 862 3330 atque
887 3228 1130 3304 necessitatem
1162 3227 1310 3300 sicariae
1334 3253 1390 3300 sc·

280 3352 446 3427 cretionis
471 3352 509 3428 in
535 3351 672 3450 organis
688 3349 908 3452 sympu'tlrice
921 3345 1227 3428 ,consentientibus
1244 3345 1391 3420 inducit„

280 3471 403 3544 Prouti
428 3467 557 3569 hyeme
594 3469 828 3542 instrumenta
851 3465 1073 3568 pneumatica
1107 3465 1317 3565 organisnri,
1340 3465 1389 3538 iu

280 3615 362 3663 vere
388 3601 424 3660 et
447 3588 592 3662 ineunte
618 3600 748 3661 aestate
779 3581 998 3661 ventriculus
1035 3609 1187 3660 urraenm
1217 3584 1390 3658 intestinis

280 3705 468 3802 tenuibus,
492 3719 623 3784 aestate
649 3721 797 3780 exeunte
822 3719 859 3778 et
883 3720 1054 3782 autumno
1086 3703 1250 3804 intestirm
1277 3729 1391 3778 crassa

278 3827 493 3896 eminentem
519 3824 556 3895 in
588 3821 770 3898 morbosos
807 3822 919 3896 labes·
939 3823 1061 3898 fovent
1095 3804 1394 3922 dispositionem,

278 3969 344 4042 pro
368 3947 468 4041 cujus
485 3939 686 4014 diversitate
707 3941 829 4016 eadem
847 3967 950 4015 causa
971 3937 1218 4034 occasionalis,
1243 3939 1392 4041 proinde

279 4059 374 4132 idem
400 4058 618 4159 refrigerium
645 4061 758 4134 vanos
794 4057 940 4136 effeetus
970 4057 1155 4159 producit,
1187 4058 1298 4132 varias
1324 4057 1391 4130 im·

277 4175 432 4276 petendo
470 4191 608 4276 partes,
641 4201 821 4278 supremus
857 4177 1012 4276 hyeme,
1046 4176 1176 4250 amdan
1214 4201 1321 4268 vere,
1354 4189 1393 4250 et

278 4293 440 4388 instantem
464 4307 613 4368 matrem
638 4309 768 4374 aestate
787 4293 915 4376 adulta.
934 4293 1142 4392 Qucntagis
1159 4306 1275 4366 autem
1296 4293 1391 4368 trisne

278 4411 512 4485 emanatorius
538 4425 572 4487 et
598 4411 811 4512 centril'ugus
837 4413 875 4484 iu
900 4435 1045 4514 corpore
1073 4409 1153 4486 viro
1178 4408 1392 4506 intenditur,
