3228 5166
319 332 367 406 ba

318 449 513 552 regularem
537 462 659 525 tenent
682 447 897 541 deourrnm,
920 447 993 520 eive
1018 445 1162 520 demum
1191 445 1315 542 leves,
1348 445 1423 521 eive

268 641 269 644 ,
316 585 450 670 graver
464 570 602 644 fuerint
627 563 707 644 Tali
730 566 865 640 ratione
882 563 1067 666 tyronibus
1083 564 1187 665 longe
1207 567 1360 642 minores
1384 567 1424 640 in

316 687 588 788 cognoscendis,
616 683 850 784 intelligendu
885 697 921 758 et
955 681 1183 760 observandis
1218 683 1425 761 morborum

314 805 438 880 formu
463 817 649 880 oecumant
664 799 902 894 difficultates.
927 799 1149 880 Pedeteutim
1165 799 1211 874 ad
1227 825 1327 874 casus
1351 827 1427 874 ma·

314 921 367 1023 gie
396 921 604 1017 intricatos,
634 917 842 1014 anomalus,
874 915 1059 1013 occultos,
1087 915 1292 1016 ambiguos,
1325 943 1424 993 com·

313 1037 462 1139 plicatos
487 1053 524 1114 et
548 1037 968 1131 etroncosmmimus,
987 1037 1049 1136 qui
1073 1039 1145 1137 jam
1169 1039 1339 1136 majorem
1363 1062 1426 1138 po·

314 1156 449 1231 atulant
472 1157 510 1230 in
535 1155 651 1230 officio
677 1153 804 1227 oliuieo
826 1153 894 1227 rite
919 1151 1145 1256 adimplendo
1162 1143 1426 1251 dexteritatem,

314 1273 529 1375 oculumque
553 1273 765 1374 experientia
791 1287 974 1348 armatum.

363 1391 447 1468 Nou
471 1391 668 1466 inficiamur
691 1387 879 1490 equidem,
903 1402 1037 1487 gratam
1061 1413 1200 1491 semper
1223 1387 1326 1466 notu
1348 1416 1425 1464 eree

311 1512 614 1612 opportunitatem
622 1503 847 1610 aegritudinis
859 1508 1043 1610 cujusdam
1060 1510 1222 1605 rarioris,
1238 1535 1424 1612 nunquam

313 1641 435 1702 tamen
458 1627 505 1702 de
527 1627 700 1702 industria
725 1651 848 1700 earum
872 1623 986 1708 beera
1021 1627 1281 1700 consuescimus
1316 1652 1425 1702 vena·

315 1759 441 1820 utram.
466 1743 510 1816 In
534 1742 656 1826 redula
681 1741 948 1839 observatione,
972 1755 1078 1843 atque
1103 1757 1199 1820 recu
1224 1769 1310 1820 cura
1333 1769 1428 1820 mor·

313 1861 444 1940 borum
466 1863 624 1965 quotidie
649 1863 911 1938 oceurrentium
927 1863 1116 1936 maximam
1136 1863 1426 1964 reponimus'uti·

313 1978 477 2078 litatem,
501 2007 584 2056 cum
609 1981 717 2056 etiam
753 1981 791 2054 in
811 1979 1016 2080 vulgaribus
1039 2003 1115 2053 non
1152 1980 1270 2054 omnia
1303 1977 1427 2080 vulgav

314 2099 366 2174 ria
390 2099 471 2174 rint
495 2099 596 2173 Idem
619 2097 739 2199 quoad
762 2111 925 2172 naturam
950 2109 986 2171 et
1015 2095 1166 2172 formam
1193 2093 1339 2171 morbus
1372 2109 1428 2178 tot

314 2214 419 2292 offert
441 2215 742 2313 modificationes,
770 2229 807 2290 et
836 2213 1144 2320 physiognomiae,
1180 2227 1280 2317 quot·
1297 2213 1427 2291 indivi·

314 2331 386 2416 dua
409 2333 607 2434 prehendit
689 2375 691 2380 ,
807 2389 812 2398 .

365 2450 548 2542 Quatenus
572 2451 665 2524 inter
680 2448 822 2526 morbos
839 2447 997 2550 vulgares
1014 2464 1050 2524 et
1066 2450 1288 2552 quotidianos
1305 2451 1427 2552 epido-

314 2567 417 2664 miei,
438 2581 544 2668 atque
566 2565 741 2641 oudemici
763 2581 848 2642 eunt
870 2568 1088 2666 creberrimi,
1105 2583 1249 2644 eatenus
1264 2571 1428 2662 omnium

315 2683 559 2760 lubentissime
584 2711 604 2759 a
629 2683 731 2759 uobis
756 2686 795 2757 in
820 2683 996 2759 Clinicum
1020 2685 1245 2784 deseruntur,
1260 2685 1322 2760 illo
1345 2687 1426 2788 qui-

315 2803 531 2882 demetiam
554 2806 710 2902 intuitu,
734 2803 830 2906 quod
855 2805 1036 2906 ingenium
1066 2807 1326 2880 oomtitutionis
1351 2807 1427 2907 epi·

316 2925 474 3000 deminae
499 2924 664 3026 cognosci
689 2937 726 2998 et
749 2923 975 2998 determinari
1000 2925 1145 3027 nequit,
1172 2925 1240 3002 nisi
1264 2925 1428 3026 plumat

313 3053 611 3145 contemporanea
635 3057 780 3145 pateant
812 3041 1032 3143 exemplaria.
1061 3033 1152 3116 'Tali
1174 3057 1280 3146 pacto
1314 3045 1428 3118 intro·

315 3159 477 3248 duoimue
501 3153 647 3264 'tyrones¹
671 3161 719 3238 ad
744 3153 877 3245 rectam
900 3161 1183 3264 observationem
1206 3161 1349 3237 illorum
1374 3163 1442 3237 ei'·.

316 3277 495 3376 securum,
510 3305 664 3380 quorum
688 3305 813 3354 causae
837 3281 876 3352 in
910 3305 1048 3358 summe
1079 3271 1334 3388 univerealibuu
1369 3280 1428 3380 de·
1518 3311 1521 3316 ·

296 3394 484 3475 ..liteouuut
523 3397 895 3498 metamorphosibus,
933 3397 1100 3471 tellurieis
1139 3413 1201 3474 aut
1235 3401 1428 3497 ooemioie,

235 3586 239 3592 .
316 3513 527 3628 peliodioie,
549 3511 748 3630 exlegibus,
772 3515 1001 3611 transitoriis,
1025 3515 1258 3616 perennibus,
1283 3518 1329 3591 ad
1351 3543 1429 3618 spa·

293 3633 410 3711 :tium
424 3629 483 3742 vel
498 3645 639 3734 tempus
656 3621 856 3707 merendre
874 3634 1173 3734 Quamprimum'
1164 3637 1269 3736 igitur
1285 3631 1430 3739 aliquod

274 3749 457 3830 «morbi
452 3775 586 3852 genus
582 3751 732 3840 insolita
751 3755 913 3830 oecurrit
942 3751 1152 3855 iiequentia,
1175 3755 1233 3831 vel
1257 3781 1341 3832 vero
1367 3759 1429 3834 de-

303 3869 505 3947 ,terminata
529 3869 645 3950 morbi
670 3871 782 3961 ἥιιιιιιι
807 3871 1008 3949 evidentem
1024 3871 1245 3948 characteris
1244 3892 1429 3976 permuta·

274 3999 276 4004 ’
300 3991 306 4067 ᾗ
319 3988 455 4068 tionem
478 3989 556 4090 pari
580 4002 739 4090 tempore
755 3991 793 4062 in
814 3987 974 4092 plun'bue
990 3989 1180 4066 individuis
1197 4005 1366 4092 ostentat,
1380 4033 1431 4055 «-

315 4103 554 4208 phaenomeni
579 4109 752 4196 rationem
767 4109 805 4198 in
821 4109 967 4184 mutatis
986 4135 1104 4190 rerum
1121 4123 1158 4184 et
1174 4108 1431 4186 elementorum

320 4247 385 4308 nou
409 4221 642 4316 ambientium
654 4225 951 4324 oonditionibue,
975 4227 1032 4324 rel
1056 4227 1095 4300 iu
1120 4227 1239 4330 topitio
1274 4224 1429 4331 quodam

268 4410 271 4416 .
318 4341 511 4420 morbifera
533 4343 667 4432 tonte
657 4347 865 4446 investigare
890 4283 1081 4421 studemus.

353 4459 440 4547 ‚Vix
451 4465 590 4564 gravius
602 4466 637 4543 iu
656 4466 827 4558 medicina
842 4482 943 4572 praet
927 4469 994 4553 tina
1009 4465 1158 4543 habetur
1159 4432 1430 4570 argumentum,
