3264 5194
268 33 467 111 tarrlrosa
490 41 608 142 passio
632 43 757 116 stricto
779 43 817 116 in
842 53 948 116 sensu
973 67 1045 117 non
1070 44 1184 118 oritur
1208 69 1252 118 ex
1282 41 1420 138 refrige-

269 152 441 228 ratione
467 152 774 232 indiscriminatim
798 159 1040 257 considerata,
1068 159 1133 232 sed
1165 185 1217 234 ex
1251 164 1418 236 emunda«

270 266 374 342 diroe
403 274 560 372 mpr'rla5
585 275 659 348 sive
683 277 779 349 enim
804 275 930 376 aliquis
956 297 999 350 er
1016 275 1239 376 hypocausto
1263 275 1419 374 egredia-

273 395 349 455 tur
389 386 492 462 foras
527 397 564 462 et
597 390 734 488 frigoris
772 393 972 493 experiatur
1007 395 1194 494 injuriam,
1228 394 1302 466 sive
1337 391 1421 465 soris

274 501 527 600 perfrixerit,
562 507 737 608 nimisque
779 509 935 584 calidum
969 509 1095 584 seben
1127 507 1315 604 conclave,
1345 506 1422 607 pari

276 619 445 694 ratione
470 623 708 699 catarrhusam
725 625 841 701 labem
859 627 1066 702 contrahere
1086 628 1229 728 poterit
1245 625 1307 700 Ad·
1318 625 1422 698 rheu·

276 740 406 812 annus
429 744 572 841 genesin
581 769 625 818 ex
633 729 781 820 adverso
797 773 936 848 semper
952 747 1170 822 desideratur
1185 763 1270 820 aura
1287 745 1421 845 frigidas

271 852 508 933 Peculiares
533 861 676 935 tandem
701 862 947 964 dispositiones
964 889 1007 938 ex
1022 877 1122 966 perte
1143 861 1316 938 individui
1338 887 1423 936 oon-

279 996 452 1050 eurrere
477 977 627 1074 debere,
650 996 777 1080 sponte
802 980 935 1082 liquet,
957 1007 1016 1055 ees
1046 1007 1132 1058 vero
1165 1007 1230 1081 per
1263 981 1422 1055 eminens

281 1092 389 1164 tiam
421 1097 460 1168 in
485 1097 583 1170 vario
607 1111 701 1170 statu
727 1100 929 1199 systematis
954 1097 1137 1173 dematici
1153 1121 1351 1198 supponere
1368 1096 1421 1170 las

284 1221 362 1282 est.
393 1213 627 1312 Superficiem
651 1215 879 1290 causaliter
913 1215 953 1290 in
989 1214 1146 1289 febribus
1183 1213 1421 1308 catarrhosis,

287 1339 415 1426 utque
440 1328 542 1404 aliter
564 1332 603 1403 in
627 1331 854 1406 rheumaticis
878 1358 917 1406 se
941 1330 1095 1428 babere,
1119 1331 1225 1406 docet
1252 1335 1328 1430 ejus
1348 1331 1417 1403 ari·-
1500 1380 1505 1386 -

290 1443 399 1522 ditas
424 1451 463 1522 in
486 1449 686 1550 prioribus,
711 1451 936 1551 transpiratio
960 1465 997 1526 et
1020 1449 1216 1552 ephidrosis
1247 1447 1356 1522 ubera
1379 1447 1419 1520 in

291 1567 570 1663 posterioribus·
584 1569 659 1642 Hae
675 1567 767 1643 duae
779 1569 998 1644 conditiones
1011 1569 1206 1670 superficiei
1222 1581 1418 1662 outarmae,

294 1681 373 1756 sibi
401 1711 422 1758 e
446 1684 619 1760 diametro
644 1686 848 1786 oppositae,
881 1686 1031 1760 eandem
1064 1685 1221 1760 offerunt
1253 1683 1420 1758 differens

296 1801 421 1898 tiam,
441 1825 532 1902 quae
557 1804 651 1876 inter
682 1827 830 1903 corpora
858 1801 1074 1878 idioleotn'ca
1105 1815 1142 1875 et
1175 1799 1421 1901 sympericleo-
1527 1785 1529 1792 ¹

296 1920 396 1992 trica
421 1921 524 2018 viget
550 1919 593 1992 Iu
606 1917 738 1994 morbis
755 1918 965 1995 catarrhosis
981 1918 1158 1993 emanatio
1179 1943 1244 2018 per
1263 1916 1420 2017 corpon'e

295 2037 546 2138 peripheriam
570 2051 625 2112 est
657 2036 827 2134 infracta,
860 2036 1034 2112 elementa
1064 2033 1356 2138 imponderabilis
1383 2043 1421 2108 et

299 2157 518 2255 phlogislica
542 2157 582 2229 in
611 2155 849 2256 penetralibus
884 2169 1160 2250 coacervantur,
1193 2153 1289 2234 unde
1324 2150 1420 2227 calor

298 2274 479 2369 mordax,
502 2276 696 2347 mactiones
722 2274 851 2348 virium
875 2271 1043 2368 obrutae,
1059 2269 1117 2347 vel
1141 2265 1243 2345 facile
1268 2269 1431 2345 obruens·

303 2391 393 2488 dae,
417 2393 514 2465 rrisus
538 2393 576 2463 in
601 2390 841 2465 characterem
865 2415 1076 2486 nervosum,
1100 2387 1148 2463 ad
1170 2387 1419 2489 liquationem,

302 2509 354 2583 ad
378 2509 616 2584 evolutionem
641 2503 807 2583 somitum
831 2509 1122 2608 contagiosorum
1147 2503 1419 2580 lnadfectioni·

301 2623 374 2701 bus
408 2627 635 2728 rheumatieis
672 2639 796 2700 contra
831 2625 998 2727 polaritas
1035 2624 1125 2699 cutis
1166 2635 1220 2696 est
1256 2623 1418 2721 inversa,

302 2746 474 2818 continua
499 2743 636 2818 obtinet
659 2742 784 2818 caloris
809 2757 846 2818 et
870 2743 1008 2844 vaporis
1033 2739 1193 2816 animalis
1224 2742 1418 2838 emarratio,

176 2853 180 2862 ’
302 2861 389 2935 inde
420 2875 535 2934 aestus
560 2862 720 2934 internus
745 2886 849 2960 aegro
884 2862 1001 2934 minus
1035 2857 1224 2954 molestus,
1252 2871 1416 2932 ermanus

302 2980 427 3053 manui
457 2980 612 3077 tangenti
637 2979 754 3052 minus
788 2981 965 3078 ingratus,
999 2977 1218 3050 reaotionum
1255 2973 1417 3050 vitalium

302 3111 341 3170 et
365 3096 587 3171 lurrctionum
611 3097 811 3196 systematis
836 3097 976 3170 nervosi
1007 3099 1120 3194 major
1149 3091 1308 3188 libertas,
1337 3089 1416 3164 nul·

301 3211 360 3286 lus
394 3213 491 3286 rusus
528 3213 566 3284 in
603 3211 857 3313 liquationem,
893 3226 955 3285 aut
991 3210 1234 3308 conmgiorum
1262 3207 1414 3308 genesin.

301 3333 384 3431 lpse
409 3329 558 3432 qualitas
583 3330 750 3403 materiae
779 3327 1017 3430 perspirabilis
1047 3325 1250 3400 notabiliter
1280 3325 1417 3423 variat,

301 3449 341 3521 in
366 3446 575 3530 catarrhosis¹
601 3447 697 3520 enim
720 3449 875 3546 pyrexiis
906 3444 1052 3520 odorem
1082 3441 1225 3516 exhibet
1252 3467 1417 3542 gravem,

301 3563 501 3660 hircinum,
526 3563 636 3637 veluti
660 3564 1020 3663 empyreumaticum,
1043 3563 1081 3634 in
1105 3561 1331 3634 rheumaticis
1353 3561 1417 3632 mi·

302 3682 449 3774 u'orem,
479 3693 719 3776 acescentem,
756 3677 851 3753 uude
886 3681 925 3752 in
965 3679 1022 3752 his
1056 3677 1104 3752 ad
1142 3677 1415 3780 praedominans

300 3819 498 3894 oxygenes,
521 3797 559 3870 in
583 3795 652 3869 illis
683 3795 730 3870 ad
763 3795 999 3896 phlogogenes
1035 3794 1246 3870 concludere
1275 3797 1326 3868 las
1351 3809 1413 3870 est

300 3911 466 3986 Tandem
490 3914 672 3987 catarrhus
697 3929 848 4014 occupat
872 3915 1072 4015 superficies
1098 3929 1280 4011 extensas,
1302 3939 1414 3988 mem·

298 4029 429 4104 branae
454 4044 576 4132 utpote
601 4055 786 4130 mucosas,
810 4057 900 4134 quae
925 4057 1048 4108 omues
1072 4030 1314 4108 immediatam
1329 4057 1412 4105 cum
