3264 5194
306 359 375 410 rao

298 453 357 529 rel
381 453 419 526 in
443 449 532 528 alius
557 450 692 553 generis
716 445 927 551 posthuma,
950 442 1163 550 pulmonum
1186 439 1413 542 hepatisatio-

297 597 405 668 nem,
428 569 727 673 hydrothoraccm
752 581 920 661 acutum,
944 563 1003 640 vel
1026 563 1231 654 diutinum,
1254 560 1293 632 in
1322 582 1410 632 con-

296 692 469 764 cretiones
487 713 570 762 cum
586 686 710 788 plcnra
734 682 950 758 iutercostali
975 681 1196 781 degenerant
1213 679 1329 752 Immo
1353 678 1411 750 iu-

296 806 442 881 dividua
476 804 556 878 labe
592 803 781 906 purulenta
810 801 970 896 adfecta,
1000 800 1030 872 si
1063 811 1226 872 nostrum
1260 794 1413 868 rubeant

295 924 422 1019 clima,
446 923 656 1025 plerumque
681 920 839 996 solamen
856 919 1093 1022 experiuntur.
1118 957 1169 974 -
1192 915 1330 988 Eadem
1346 913 1410 986 de-

294 1045 403 1144 nique
426 1045 585 1139 ratione,
609 1069 680 1143 qua
705 1041 911 1116 constitutio
935 1039 1110 1114 climatica
1141 1035 1411 1138 reproductivae

294 1161 389 1236 ritae
419 1185 567 1234 munera
600 1157 671 1233 κατ’
685 1159 804 1255 etexit
838 1157 1012 1252 offendit,
1044 1155 1231 1230 sensitivae
1265 1178 1411 1254 parcere

294 1273 649 1378 consuescit3'quarc
674 1280 870 1348 neoresium
903 1275 1100 1376 frequentia
1129 1271 1233 1374 longe
1266 1273 1411 1365 minor,

293 1397 371 1472 illas
397 1412 537 1472 tantum
561 1397 592 1469 si
616 1396 817 1496 exceperis,
841 1421 932 1496 quae
956 1395 1003 1468 ad
1026 1395 1185 1466 infimam
1209 1392 1410 1492 systematis

293 1517 434 1592 nervosi
458 1513 673 1616 sphaeram,
700 1513 901 1612 organicam
920 1567 930 1606 ,
946 1497 1038 1586 ”sire
1073 1509 1285 1610 gangliarem
1319 1509 1436 1582 rese-'

292 1647 447 1727 runtrrr,
471 1645 509 1704 ct
533 1655 623 1731 quae
648 1630 765 1730 potius
791 1627 1016 1704 secundarios
1047 1627 1190 1702 effectus
1225 1652 1409 1728 processus

291 1746 614 1850 organicoplastici
637 1748 751 1822 vitiati
775 1747 955 1848 praebent

341 1864 517 1940 Absolute
541 1890 703 1940 sermone
728 1864 773 1938 dc
799 1865 996 1965 praecipuis
1021 1863 1147 1959 noxis,
1174 1877 1211 1936 et
1241 1863 1406 1954 damnis,

292 2007 383 2082 quae
408 1981 644 2057 habitantium
668 1981 909 2058 valetudinem
934 1994 1101 2080 exparte
1132 1979 1310 2076 climatis,
1343 2005 1409 2054 ceu

292 2103 390 2176 fonte
413 2104 588 2203 perenni,
612 2100 881 2204 periclitantur,
905 2100 1081 2201 quaedam
1104 2099 1224 2174 adhuc
1258 2099 1409 2200 subiun-

293 2219 408 2320 genda
430 2233 517 2294 sunt
539 2218 586 2292 de
611 2219 794 2320 ternpomli
816 2223 1067 2292 constinttione
1099 2218 1311 2318 epidema'ca,
1334 2218 1410 2292 sive

292 2336 337 2410 de
362 2335 430 2409 illis
454 2335 681 2437 popularium
705 2335 913 2410 morborum
937 2335 1238 2410 vicissitudinibus
1269 2349 1409 2436 tempo-

291 2454 416 2549 rariis,
452 2479 539 2554 quas
574 2453 691 2527 variae
725 2454 852 2554 pheses
887 2455 1118 2551 mundanae,
1155 2469 1192 2530 et
1227 2455 1411 2556 speciatim

292 2595 430 2644 annuae
455 2571 703 2646 determinant.
728 2573 935 2673 Epidemiae
971 2574 1229 2648 anniversariae
1264 2573 1410 2674 quidem

290 2716 355 2792 per
380 2689 624 2765 excellentiam
654 2715 675 2764 a
709 2691 1039 2792 cosmo-dynamica
1073 2689 1243 2765 relatione
1272 2687 1411 2764 telluris

290 2807 337 2882 ad
362 2807 545 2884 Sidereum
569 2811 733 2884 centruin
748 2811 948 2911 systematis
965 2809 1155 2911 planetaria
1186 2807 1413 2910 dependent,

291 2924 387 2998 unde
411 2939 582 3028 perpetua
606 2927 669 3001 illa
686 2983 696 3024 ,
719 2943 825 3030 atque
842 2927 1009 3029 regularis
1026 2927 1319 3029 metamorphosis
1334 2952 1412 3001 suc-

291 3043 449 3139 cessiva,
473 3069 581 3146 quam
609 3043 706 3118 subit
740 3044 879 3120 satelles
914 3045 1028 3141 fidus,
1058 3043 1273 3118 immutabili
1307 3043 1411 3143 lege,

291 3183 333 3234 ac
359 3175 503 3236 aeterno
528 3163 678 3236 circuitu
704 3163 895 3266 ellipticam
920 3189 1129 3264 percurrens
1161 3165 1351 3260 semitam,
1374 3175 1411 3236 ct

290 3284 392 3380 cujus
416 3281 605 3382 participes
631 3282 719 3356 fiant
741 3297 884 3384 oportet
907 3297 1036 3362 cuncta
1061 3296 1097 3359 et
1128 3283 1265 3384 singula
1289 3284 1410 3377 entia,

291 3421 383 3498 quae
408 3398 442 3470 ei
465 3399 700 3498 parasitarum
723 3425 823 3474 more
849 3399 1052 3476 adhaerent
1078 3401 1265 3502 Quidquid
1292 3388 1411 3476 autem

291 3513 421 3588 accidit
443 3515 482 3588 in
507 3529 694 3616 tempore,
718 3517 878 3592 sensibus
903 3520 1032 3594 nostris
1058 3545 1132 3594 non
1162 3518 1264 3594 aliter
1287 3532 1411 3620 patet,

289 3631 359 3708 nisi
383 3630 620 3706 mediantibus
645 3634 901 3710 mutationibus
925 3637 964 3710 in
988 3637 1130 3738 spatio,
1154 3637 1230 3712 sive
1265 3637 1410 3714 variatis

290 3749 553 3825 conditionibus
577 3737 916 3856 mundi'corporei,
940 3753 1110 3830 absolutis
1134 3755 1194 3831 vel
1228 3754 1411 3852 relativis,

290 3893 358 3973 pro
384 3874 485 3970 cujus
510 3869 712 3946 diversitate
742 3873 889 3969 nativa,
921 3871 981 3948 vel
1015 3873 1210 3948 adventitia
1246 3872 1412 3948 differens

290 3983 619 4085 phaenomcnorum
636 3989 742 4063 series
759 4013 942 4090 exsurgere
959 3993 1157 4066 necessario
1174 3990 1290 4066 dabat
1307 3991 1411 4066 Hanc

290 4101 338 4176 ob
362 4104 536 4178 rationem
553 4104 727 4205 epidemia
750 4107 1009 4205 anniversaria,
1029 4151 1081 4165 -
1096 4106 1272 4210 objectiva
1293 4107 1410 4182 consi·

290 4217 411 4294 derata
435 4247 575 4324 semper
601 4235 637 4294 et
665 4222 797 4325 ubique
822 4225 963 4320 eadem,
978 4265 1029 4282 -·
1044 4224 1241 4326 subjective
1257 4225 1411 4320 intuitu,
1504 4237 1509 4248 “

292 4337 367 4411 sive
403 4354 565 4440 respectu
605 4339 818 4418 relationum
854 4343 1151 4444 particularium,
1186 4371 1277 4444 quae
1314 4346 1408 4422 inter

294 4452 398 4528 Sidus
422 4455 647 4558 gubcmanS,
671 4473 707 4534 et
731 4460 823 4536 iuter
853 4460 1060 4536 multifarias
1095 4475 1212 4564 partes
1247 4461 1406 4536 satellitis
