3252 5166
360 336 432 408 aod

356 451 536 552 duxednl,
560 449 629 525 nisi
652 449 698 526 ab
722 450 834 526 oculis
858 455 968 552 magis
997 467 1154 551 remota,
1185 467 1224 526 et
1260 453 1311 524 sic
1333 475 1450 551 porro,

353 567 469 642 donec
494 567 639 643 tandem
654 569 750 646 visus
767 569 965 670 duplicatas
981 622 992 670 ,
1009 571 1056 646 ad
1075 572 1327 648 remounaimar
1349 567 1447 642 solnm

356 711 413 761 ree
437 687 743 788 circumscriptus,
766 690 907 788 penitus
932 689 1088 788 evanuit.

406 803 530 878 Puella
554 803 792 886 duodecennis
816 831 938 880 mense
954 807 1114 907 Augusto
1136 807 1224 882 anni
1249 801 1353 908 elapsi
1370 801 1442 901 1817

359 921 564 998 morbillum
590 925 782 1022 contraxit,
806 939 892 1000 tunc
916 927 1085 1034 temporie
1101 927 1139 1001 in
1156 925 1316 1002 collibus
1343 923 1444 994 'inus-

357 1041 504 1144 padruis
528 1057 751 1146 gmssantem.
777 1045 957 1128 Modicia
981 1044 1068 1125 flore
1098 1047 1300 1148 improvise
1331 1065 1448 1116 aranea

360 1159 410 1233 cit
450 1159 688 1257 mathema,
725 1186 798 1236 non
838 1163 914 1236 sine
955 1163 1053 1263 gravi
1093 1189 1220 1264 aegrae
1267 1159 1456 1237 dinamius

358 1277 563 1378 opitulante
587 1279 716 1356 medici
740 1281 914 1383 praecidio
937 1283 1091 1359 vincitur
1106 1284 1238 1382 lebria,
1256 1283 1462 1386 pristinaque

356 1395 452 1477 ealon
475 1399 635 1472 restituta
658 1395 809 1482 videtur.
834 1399 1063 1482 Hebdomada
1086 1429 1172 1478 veru
1194 1402 1342 1482 nedum
1367 1415 1464 1473 nme

360 1529 438 1590 acta
474 1516 596 1619 irrepit
626 1517 776 1592 tertiana
810 1517 916 1594 labris
948 1519 1035 1596 adeo
1069 1519 1230 1617 rebellis,
1271 1534 1317 1594 ut
1351 1515 1469 1590 cortice

357 1634 554 1737 penrviano
576 1647 702 1738 quater
726 1635 866 1736 fugata,
899 1652 1023 1741 quater
1055 1636 1306 1734 recruduerit,
1342 1629 1472 1732 conspi-

360 1777 445 1830 cuas
476 1754 652 1830 macetum
693 1755 901 1858 euphraxes
941 1755 1153 1858 relinquens.
1191 1756 1280 1832 Pari
1323 1769 1474 1853 tempore

360 1871 457 1968 juxta
488 1871 667 1948 internam
705 1871 955 1966 brachiorum,
975 1875 1184 1951 ‚cubituum
1223 1889 1261 1949 et
1299 1874 1474 1950 femorum

359 1987 581 2084 tuperflciem
598 2003 754 2066 tumores
770 1989 921 2060 emicant
936 1985 1135 2060 indolentes
1143 2045 1156 2086 ,
1181 1991 1284 2094 duri,
1307 1987 1479 2076 mobiles,

360 2103 433 2178 cuti
457 2103 681 2198 concolores,
720 2095 958 2194 magnitudine
996 2095 1100 2170 aucis
1142 2105 1366 2204 avellanae,
1401 2103 1481 2175 hinc
1600 2159 1601 2162 ,

361 2217 445 2292 inde
468 2215 565 2292 illam
589 2211 760 2316 juglandis
784 2219 998 2309 superantes.
1023 2205 1159 2311 Corpus
1175 2212 1347 2319 alioquin
1372 2213 1484 2294 tenei-

362 2334 438 2411 lum
462 2331 673 2426 emaciatur,
696 2353 737 2406 ac
761 2327 859 2400 omui
883 2324 958 2399 lere
981 2352 1127 2428 reapera
1156 2331 1337 2430 quaedam
1373 2333 1495 2405 lebri-

363 2455 443 2530 cula
467 2448 632 2544 recurrit,
656 2447 703 2529 ad
732 2444 941 2520 concubium
976 2473 1090 2548 usquo
1121 2463 1261 2528 noctem
1294 2463 1496 2553 porrecta.

363 2561 442 2648 Tali
467 2569 532 2644 sub
556 2593 678 2644 rerum
701 2581 795 2644 statu
820 2573 969 2671 juvenca
993 2569 1052 2650 die
1085 2593 1142 2644 ac.
1178 2571 1294 2646 Martii
1329 2585 1493 2646 nostrae

360 2688 592 2766 committitur
615 2714 731 2765 curae.
755 2687 944 2789 Perspeota
974 2685 1060 2762 mali
1095 2689 1226 2788 origiue
1260 2691 1486 2792 deuteropa·

363 2809 457 2886 tliica
481 2820 563 2910 post
586 2806 792 2890 morbillum
816 2804 1019 2890 anomalum
1048 2817 1084 2878 et
1118 2805 1255 2881 llebrem
1278 2809 1482 2884 tertianam

362 2941 630 3026 contumacem,
654 2931 729 3027 ejus
766 2923 851 3007 sede
885 2937 922 2998 et
957 2923 1090 3019 lbrma,
1121 2949 1198 2997 nec
1233 2951 1308 3002 non
1347 2925 1481 3000 habitu

363 3045 565 3124 cacheotico
595 3056 701 3142 atque
738 3039 835 3118 lehre
869 3040 1090 3140 vespertina,
1125 3037 1267 3114 nullum
1300 3041 1479 3143 superstrit

362 3161 512 3240 dubium
535 3163 580 3236 de
605 3162 909 3259 ttltzosystematis
943 3153 1177 3258 lymphatici,
1200 3155 1375 3237 scmflalae
1402 3181 1479 3232 non
1582 3147 1586 3160 '

365 3281 526 3356 absimili.
552 3281 644 3353 Cum
667 3303 753 3352 vero
778 3275 1058 3360 desiderarentur
1092 3287 1353 3376 symptomata,
1384 3299 1477 3378 quae

365 3399 565 3500 specificam
589 3394 687 3468 illam
718 3393 979 3494 cacotrophiam
1010 3391 1299 3489 climactericam,
1328 3391 1490 3495 puerilis,

366 3515 576 3590 revolutionis
608 3509 787 3608 sobolem,
821 3509 1058 3617 distinguunt,
1093 3507 1285 3610 scrufitlam
1320 3519 1477 3612 spaniam

367 3659 494 3709 vocare
532 3659 605 3706 non
639 3627 828 3730 displicuit.
864 3669 916 3689 υ-
951 3630 1119 3708 Extracta
1152 3653 1294 3724 amara,
1327 3652 1477 3730 capones

368 3753 552 3848 medicati,
578 3748 862 3844 Rhaharharina,
885 3749 995 3822 serius
1019 3748 1189 3849 Aethiops
1219 3748 1479 3844 antimonialis,

368 3867 515 3965 balnea,
540 3883 576 3942 et
606 3865 836 3968 emplastrum
865 3865 1086 3954 mercuriale·
1100 3865 1329 3967 phymatibua
1363 3868 1477 3972 adpli-

369 3987 480 4060 citum
505 3983 633 4059 auxilio
658 3983 765 4059 litere.
791 3984 905 4057 Curae
921 3983 1221 4085 complementum
1243 3983 1387 4087 adsequi
1403 4011 1478 4063 non

369 4103 490 4200 licuit,
515 4129 598 4177 cum
621 4115 735 4176 mator
758 4098 933 4202 puellam,
958 4127 1048 4203 qliae
1070 4101 1217 4208 domum
1238 4101 1352 4176 redire
1376 4105 1477 4179 enixe

370 4223 599 4328 precabatur,
622 4249 643 4296 e
667 4219 879 4298 Nosocomio
904 4221 1070 4296 educeret
1093 4221 1151 4296 dic
1181 4247 1234 4324 ¹7·
1258 4221 1396 4325 Aprilis.

421 4341 674 4432 Excellentiam
700 4337 858 4412 methodi
881 4336 1107 4413 Nufferianae
1131 4339 1169 4412 in
1193 4337 1355 4439 pellenda
1383 4339 1475 4418 Tae·

374 4464 435 4534 m'a
459 4457 595 4534 Solium
619 4457 826 4536 confirmare
857 4457 995 4534 occasio
1025 4452 1134 4544 ¹nobis
1171 4456 1246 4535 luit
1271 4459 1361 4539 Eam
1385 4459 1476 4540 inte
