3148 5170
1151 335 1226 434 289

586 469 758 524 aatsnaste.
847 484 858 498 ·

154 681 235 772 Qui
271 683 444 783 insignem
477 683 591 762 laticis
626 685 734 758 serosi
771 675 1045 764 effuuonemiu
1080 689 1227 782 cameris

92 797 273 895 cerebri,
301 798 598 872 exulcerationem
622 800 722 901 pedis
754 799 1007 902 Hippopotami
1031 801 1168 900 dextri,
1191 818 1228 880 et

93 929 361 988 concrementa
384 913 603 1017 lymphatica
620 921 717 1018 juxta
742 918 912 1017 originem
928 943 1124 1008 neruorum¹
1135 922 1228 1021 cpti-

95 1061 238 1110 corum
262 1063 347 1139 prae
371 1037 481 1114 oculis
507 1037 637 1134 habet,
661 1039 737 1112 sine
762 1040 902 1138 negotio
926 1053 964 1112 et
988 1065 1228 1138 anuoroseos,

97 1167 142 1227 et
158 1180 394 1230 nervosamm
418 1157 646 1258 passionum,
661 1170 698 1230 et
722 1155 927 1259 apoplexiae
951 1156 1090 1232 lethalis
1106 1173 1228 1234 crtum

98 1265 300 1372 concipere
323 1273 474 1374 poterit,
496 1273 607 1348 immo
633 1273 778 1350 forsitan
803 1276 912 1374 magis
937 1276 1123 1351 mirabitur
1147 1290 1226 1352 tau·-

101 1402 186 1462 tam
204 1391 299 1466 virae
324 1391 563 1486 tenacitatem,
579 1415 686 1492 quam
712 1391 835 1468 mortis
856 1418 987 1466 casum
1011 1395 1132 1492 Longe
1147 1419 1224 1468 ma,

17 1561 18 1578 r
102 1510 208 1607 iores
241 1521 360 1580 autem
385 1498 608 1583 difficultates
635 1508 845 1592 inventuros
870 1521 943 1606 est,
966 1511 1029 1611 qui
1051 1511 1136 1584 mali
1161 1537 1226 1586 nc,

102 1625 293 1724 scgeniam
318 1625 471 1701 enodare
495 1626 601 1728 cupit.
626 1624 737 1708 Plura
761 1627 945 1726 equidem,
969 1641 1006 1702 et
1029 1625 1127 1714 baud
1151 1653 1226 1701 am-

103 1742 219 1844 bigua
244 1742 360 1818 forent
383 1743 530 1840 iudicia,
554 1743 726 1844 equibus
751 1743 798 1825 ad
821 1741 1090 1845 praecedentem
1111 1743 1227 1827 lentae

103 1861 322 1962 phlogoseos
346 1888 550 1963 processum
579 1859 794 1946 concludere
825 1861 967 1958 liceret3
995 1862 1128 1964 quippe
1157 1860 1226 1960 bys

107 1975 290 2078 poclepsis
315 2003 450 2075 sercaa,
466 1975 609 2079 coagula
627 1975 1027 2080 lymphatico-plastica,
1042 1986 1078 2052 et
1093 2003 1226 2078 suppu-

106 2096 201 2168 ratio
220 2097 256 2168 in
281 2121 397 2174 massa
421 2096 600 2170 csrebrali.
617 2096 856 2170 Remoticrem
881 2123 966 2170 vero
990 2096 1100 2197 ipsius
1120 2093 1225 2197 phlo-

107 2239 234 2311 gosem
251 2213 411 2288 occultae
435 2215 624 2314 originem,
640 2227 745 2314 atque
772 2213 899 2286 firnoeti
925 2213 1037 2287 exitus
1054 2213 1226 2287 rationem

39 2413 43 2420 ¹
110 2355 235 2402 eruere
252 2329 311 2402 rix
336 2329 607 2426 concederetur,
623 2331 692 2404 nisi
717 2331 795 2431 quis
812 2330 859 2408 ad
875 2329 1090 2437 hypotheses
1106 2355 1226 2402 recens

115 2473 195 2520 rere
220 2447 346 2544 vellet3
370 2447 503 2521 nullam
522 2450 617 2522 enim
634 2449 726 2525 circa
743 2473 864 2532 maetas
891 2447 1166 2549 praestareticas
1187 2458 1227 2524 eo

112 2564 256 2638 morbos
280 2591 500 2666 praegressos
523 2566 688 2649 notitiam
713 2564 877 2664 colligere
899 2566 1088 2666 potuimus,
1114 2563 1225 2661 Orgas

113 2682 192 2756 mca
222 2681 283 2764 illa
311 2683 603 2783 metamorphosis
629 2681 737 2783 pedis
762 2681 1015 2781 Hippocempi,
1037 2722 1090 2748 -··.
1111 2705 1225 2780 quae,

113 2799 207 2879 utin
233 2823 345 2884 mama
371 2797 505 2872 cerebri
530 2799 660 2900 maim
685 2795 831 2892 accidit,
846 2795 1111 2897 pseudopyosin
1136 2793 1225 2870 mel·

76 2977 83 2991 .
114 2917 246 2992 liceridi
271 2917 453 3018 analogum
477 2921 609 3020 podum
633 2943 740 3018 quam
765 2942 890 3000 verum
915 2929 1094 3016 apostema
1119 2939 1225 3014 puru-

116 3033 251 3109 lentum
287 3034 435 3132 obtulit,
458 3077 510 3104 -ν
534 3061 599 3108 ncs
634 3034 775 3108 abunde
806 3034 982 3128 convicit,
1018 3033 1237 3133 conspicuas

117 3151 292 3227 interdum
317 3151 466 3252 longiori
492 3167 650 3253 ternpore
675 3153 712 3224 in
737 3149 932 3252 encepbalo
956 3149 1094 3224 latitare
1117 3147 1243 3250 posse'

118 3269 416 3368 degenerationes,
440 3270 513 3348 vita
538 3269 744 3370 superstite3
761 3269 846 3348 dum
863 3265 940 3339 aliis
956 3268 993 3340 in
1010 3264 1149 3340 casibus
1165 3265 1223 3340 vel

118 3389 276 3462 minimae
310 3387 520 3462 deflexiones
556 3413 575 3461 a
611 3401 722 3484 stratu¹
740 3411 885 3468 normae
920 3385 1057 3460 lethum
1086 3397 1221 3487 parant

88 3511 212 3584 aeuo
237 3509 342 3612 hujus
367 3509 602 3610 phaenomeni
627 3510 686 3582 vix
711 3507 793 3581 alibi
815 3504 1035 3607 quaerenda,
1059 3508 1221 3608 quamiu

119 3628 206 3700 varia
231 3624 413 3700 nobilitate
440 3627 572 3727 partis,
596 3651 687 3726 quae
717 3625 871 3724 organici
897 3623 973 3708 uitii
1004 3621 1222 3708 substratum

120 3745 263 3845 largitur.
288 3739 380 3818 Nolo
405 3743 569 3844 equidem
595 3741 739 3844 singulis
763 3739 923 3843 partibus
947 3765 1098 3822 mamam
1123 3765 1220 3828 cere-

120 3861 242 3935 bralem
268 3859 562 3961 componentibus
587 3885 685 3933 suam
712 3857 884 3958 abnegare
909 3855 1097 3940 utilitatem
1115 3871 1223 3960 atque

122 3977 380 4076 praestantiam,
403 4001 482 4049 eam
509 4002 593 4051 vero
618 3978 823 4078 neutiquam
849 3977 986 4054 cunctis
1009 3976 1085 4077 pari
1110 3975 1219 4076 gradu

123 4109 337 4196 competere,
365 4097 607 4195 unusquisque
641 4093 805 4168 lubenter
839 4091 1018 4178 concedet.
1056 4093 1220 4178 Summae

123 4213 201 4286 inter
224 4226 360 4284 caetera
377 4211 556 4312 dignitatis
581 4237 656 4284 esse
682 4235 808 4285 censeo
833 4207 987 4292 centrale
1012 4207 1102 4296 illud
1120 4233 1219 4307 orga-

123 4357 199 4424 non,
222 4331 317 4432 quod
344 4331 427 4406 nodi
455 4332 521 4406 sub
554 4331 664 4414 forma
690 4345 837 4414 cunctas
861 4343 977 4430 partes
1009 4328 1220 4426 integrautes

124 4449 289 4548 eucepbali
326 4451 478 4524 invicem
515 4451 713 4549 connectit,
748 4477 789 4528 ao
821 4446 1002 4524 vinculum
1038 4445 1219 4545 organico·

166 4567 345 4644 Haunansa.
372 4569 468 4643 Arm.
498 4569 587 4643 Clin.
615 4567 647 4640 J.
977 4587 1021 4663 r9
