3228 5166
340 300 385 374 16

332 441 466 519 paneae
489 417 655 493 videntur
680 416 805 512 fuisse,
821 441 911 516 quae
933 415 1134 518 hujusmodi
1152 427 1359 488 ornamento
1374 411 1441 484 hu·

332 563 443 611 mano
464 563 606 638 prorsuis
636 550 805 610 carerent.
829 577 880 592 -··
904 535 1076 634 Singulari
1104 547 1223 607 autem
1252 531 1438 634 splendore

333 658 471 730 nituere
494 655 577 754 illa,
601 681 691 756 quae
715 652 855 729 saeculo
879 655 944 727 XI.
969 654 1014 728 ab
1039 655 1255 754 Imperatore
1282 652 1440 746 mesre,

334 785 373 846 et
394 769 535 844 meato
558 771 641 844 ΧΠ.
666 770 711 844 ab
728 771 843 844 lasere
859 769 899 844 in
914 770 1109 872 Byzantina
1132 766 1318 869 Metropoli
1343 767 1441 840 suere

330 903 470 985 lauch,
493 903 535 964 ut
559 889 603 964 de
633 887 901 990 quamplurimis
927 888 1002 962 aliis
1035 903 1171 962 taceam
1198 887 1338 987 pietatis
1362 912 1440 960 mo·

332 1007 538 1103 numeratis,
568 1005 695 1108 quibus
724 1005 961 1106 expeditiones
996 1004 1243 1078 ultramarinae
1273 1003 1440 1078 adversus

333 1117 455 1197 hostes
481 1122 657 1223 religionis
687 1122 905 1197 Christianae
936 1135 1173 1224 opportunam
1202 1119 1441 1224 praebuerunt

334 1241 566 1316 mensionem

385 1357 556 1450 Quamvis
580 1359 694 1458 prisea
717 1357 778 1432 illa
802 1373 915 1432 aetate
930 1383 1004 1434 non
1020 1357 1067 1432 ad
1081 1357 1238 1434 medicae
1262 1356 1443 1432 doetrinae

335 1473 544 1570 utilitatem,
564 1474 628 1548 sed
652 1473 699 1548 ad
722 1475 931 1549 christianae
955 1475 1094 1575 pietatis
1118 1475 1323 1549 exercitium
1346 1475 1444 1548 insti·

335 1607 519 1670 tuerentur
542 1595 769 1692 nosocomia,
789 1619 973 1695 progressu
998 1609 1118 1668 tamen
1142 1594 1331 1694 temporis,
1351 1607 1444 1667 utra-

335 1737 408 1813 que
429 1739 470 1785 re
493 1713 714 1809 consociata,
737 1711 917 1811 religioni,
940 1711 1171 1806 humanitati,
1187 1725 1224 1784 et
1247 1709 1443 1784 medicinae

335 1857 435 1907 mera
458 1833 668 1928 extiterunt,
693 1832 742 1905 ita
763 1829 910 1932 quidem
924 1845 966 1904 ut
980 1829 1153 1904 hodierno
1164 1855 1257 1926 aevo
1272 1827 1444 1929 pahnsria

337 1951 410 2024 sint
432 1947 652 2024 medicorum
679 1950 874 2024 seminaria.
904 1947 983 2023 Hoc
1013 1961 1132 2022 tamen
1160 1946 1445 2022 nosocomiorum
1544 1967 1549 1973 ·

336 2067 378 2141 in
399 2065 628 2168 perdisoenda
653 2080 727 2140 arte
751 2065 888 2140 medica
912 2063 1192 2140 emolumentum
1215 2089 1331 2165 neque
1358 2063 1447 2136 anti·

338 2187 421 2287 quis
449 2179 595 2262 omnino
624 2188 785 2286 ignotum
819 2185 947 2280 fuisse,
976 2198 1116 2286 praeter
1145 2181 1446 2284 Gandisuporam,

337 2303 493 2380 Edessae
508 2331 649 2406 quoqne
664 2303 892 2380 corroborare
907 2307 1006 2405 juvat
1021 2302 1237 2406 exemplum,
1256 2312 1350 2405 quad
1361 2299 1447 2375 urbs

340 2423 634 2525 Mesopotamiae,
650 2435 739 2496 teste
754 2423 949 2517 Pnocorro,
965 2447 1118 2496 unaetm
1142 2420 1354 2496 Nosocornio
1371 2424 1448 2520 jun·

339 2553 435 2616 dam
459 2538 584 2615 hahuit
611 2539 770 2616 scholam
798 2539 999 2637 medicam,
1026 2541 1235 2615 eximiorum
1262 2539 1446 2639 magistro·

338 2683 440 2756 nnn,
463 2684 506 2732 ae
529 2659 735 2760 praesertim
759 2660 932 2732 Srrrnarn
956 2659 1129 2742 Enrssrrn
1146 2659 1254 2758 gratia
1271 2683 1337 2732 suo
1362 2670 1449 2731 tem·

339 2804 428 2880 pore
460 2777 642 2854 illustrem.
676 2780 741 2852 Ast
773 2778 874 2853 brevi
909 2780 1044 2854 eorruit
1076 2778 1187 2852 hoece
1222 2776 1448 2880 ephebeum,

338 2898 554 2976 Nestorianis
578 2898 766 3000 tyramride
796 2897 992 2973 orthodoxa
1022 2898 1248 2998 imperatoris
1280 2895 1447 2986 Theodo-

339 3017 513 3217 sgpffipt
536 3016 688 3092 Zenonis
712 3016 837 3092 Isaurii
861 3040 881 3089 e
910 3014 1104 3118 byzantino
1128 3040 1236 3115 regno
1261 3013 1323 3108 (Α,
1350 3011 1447 3113 489)

390 3233 510 3306 Prima
538 3231 709 3332 pohtioris
746 3233 951 3308 emditionis
979 3232 1113 3333 semina
1147 3231 1192 3306 ab
1228 3257 1272 3308 eo
1302 3229 1448 3306 demum

342 3363 501 3450 tempore
516 3349 608 3424 inter
622 3349 753 3423 Arabes
777 3351 893 3450 spargi
911 3363 1119 3449 coeperunt,
1141 3347 1346 3450 radieesque
1369 3373 1449 3448 ege·

342 3479 451 3562 runt,
474 3490 546 3567 quo
571 3466 749 3542 Merwano
780 3468 852 3562 IL,
885 3469 947 3568 qui
971 3466 1277 3544 Ornmiiahderum
1301 3464 1449 3539 ultimus

342 3583 612 3684 regnavit,gens
624 3583 941 3680 Hmeusurnauun,
951 3584 1024 3660 sive
1034 3585 1296 3668 hesternensis
1311 3607 1451 3682 sueces-

342 3700 390 3774 sit
412 3699 476 3792 (h
502 3699 606 3801 749).
629 3697 761 3774 Arabes
772 3755 782 3796 ,
793 3739 846 3758 -
859 3698 1013 3801 populus
1028 3698 1235 3796 bellicosus,
1250 3699 1312 3800 qui
1329 3697 1448 3772 brrore

343 3815 499 3917 quodam
522 3813 682 3916 religioso
707 3815 844 3891 cultum
867 3843 889 3891 a
914 3817 1160 3892 Mohammede
1176 3819 1364 3894 inventum
1385 3817 1451 3890 toti

343 3933 422 4008 orbi
446 3931 635 4012 obtrudere
660 3933 864 4036 satagebat,
892 3936 953 4037 qui
978 3935 1154 4010 inscitiam
1178 3947 1215 4010 et
1238 3933 1364 4010 servile
1389 3933 1452 4010 ob-

342 4052 506 4152 sequium
529 4077 608 4152 erga
633 4067 820 4154 praecepta
843 4053 1037 4156 prophetae
1054 4053 1218 4130 omnibus
1239 4052 1323 4128 huic
1340 4051 1452 4128 cultui

343 4168 493 4248 addicas
515 4167 741 4270 injungebat,
764 4211 815 4226 -
840 4170 992 4244 scientiis
1018 4169 1236 4246 Graecorum
1260 4183 1298 4243 et
1321 4168 1452 4244 Rome-
1475 4193 1482 4208 ·

344 4283 473 4362 no‘rum
488 4313 671 4390 nunquam
686 4287 813 4366 imbuti
833 4303 968 4387 essent,
984 4291 1021 4366 ni
1045 4281 1287 4394 providentiae
1311 4287 1454 4368 divinae

344 4406 515 4488 madeo
538 4406 736 4486 Nestorieni
760 4409 807 4488 ed
830 4409 1050 4528 Euphratem
1081 4423 1118 4487 et
1147 4407 1284 4511 Tigrim
1314 4403 1453 4486 scholas
