3252 5166
344 307 415 354 aaa

338 411 458 470 tamen
482 421 622 496 semper
645 393 700 467 sui
726 416 871 494 compos
896 405 997 487 erat,
1027 404 1064 464 et
1097 409 1218 464 serrrut
1253 387 1463 462 cerebraies

338 513 474 588 illibati.
514 513 715 587 Vesicantia
753 512 909 612 repetitis
944 510 1079 585 vicibus
1114 509 1241 585 cervici
1276 507 1463 606 admota,
1578 505 1579 508 '

334 651 442 738 atque
479 634 658 710 frictiones
695 635 902 734 spirituosae
939 658 1022 705 cum
1057 631 1244 705 Ammonia
1280 657 1375 731 pura
1422 644 1460 704 et

335 755 488 828 tinctura
514 751 769 826 Cantharidum
796 751 1032 826 transitoriam
1056 763 1196 824 tantum
1221 775 1326 848 opem
1364 747 1459 822 tule-

335 885 429 948 runt
454 871 641 970 Languens
666 867 891 970 reproductio
916 867 1106 966 organica,
1129 891 1172 940 ao
1195 865 1309 938 indies
1336 867 1460 940 incre-

335 988 482 1076 hmcens
519 1013 658 1062 marcor
691 987 924 1060 nutrientium
958 983 1161 1061 inculcabat
1193 988 1456 1072 nenessitatem

335 1109 485 1184 Interim
509 1105 684 1206 singulare
700 1105 829 1178 accidit
852 1103 1153 1205 plraenomcnon,
1176 1103 1273 1204 quod
1289 1129 1457 1204 ΜΨ,

334 1221 580 1324 progrediente
596 1219 790 1322 paralytica
807 1219 1019 1296 resolutione
1036 1245 1226 1296 nervorum
1242 1219 1457 1320 spinolium,

334 1325 372 1414 et
395 1339 546 1412 maxime
570 1337 814 1434 cervicalium,
839 1335 1003 1438 glandula
1028 1336 1215 1438 thyroidea
1239 1337 1286 1410 ad
1310 1338 1455 1439 insigne

333 1457 489 1532 eremvit
512 1454 689 1532 volumen.
715 1457 847 1530 Rerum
871 1469 962 1534 statu
989 1456 1027 1529 in
1051 1461 1153 1557 pejus
1178 1469 1331 1551 ruente,
1364 1456 1457 1530 licet

333 1575 571 1650 remediorum
595 1573 853 1670 stimulantium
878 1574 979 1649 doses
1009 1577 1179 1650 continuo
1207 1588 1333 1648 auctae
1370 1575 1453 1648 sue·

333 1695 432 1789 n'nt,
457 1707 563 1794 atque
586 1691 765 1794 periculo,
787 1693 823 1765 in
841 1693 987 1792 gratiam
1012 1691 1117 1766 febris
1143 1718 1312 1767 nervosae
1328 1691 1453 1766 lentae

333 1812 545 1886 secundario
569 1811 757 1909 evolutae,
781 1811 827 1886 ad
850 1837 1029 1892 summum
1054 1809 1195 1890 culmen
1220 1825 1376 1907 evecto,
1401 1809 1450 1884 ad

334 1929 538 2031 Naphtham
563 1929 855 2032 phosphoricam,
879 1928 988 2006 veluti
1013 1925 1060 2004 ad
1083 1955 1219 2003 sacrani
1251 1928 1450 2002 anchoram

332 2046 563 2146 confugimus.
580 2046 703 2148 Neque
719 2074 819 2148 spem
836 2047 996 2122 ultimam
1018 2047 1140 2122 lelcllit
1155 2047 1309 2122 effectus.
1328 2047 1449 2122 Tanta

333 2167 429 2240 enim
455 2170 526 2266 jam
549 2163 649 2239 brevi
673 2165 859 2239 intervallo
884 2166 903 2238 s
901 2167 951 2240 uit
976 2167 1305 2242 contumacissimae
1335 2168 1450 2244 cladis

332 2281 559 2378 emendatio,
584 2295 625 2354 ut
648 2281 786 2382 linguae
811 2297 847 2356 et
872 2283 983 2356 cruris
1017 2285 1146 2358 sinistri
1183 2283 1356 2358 mobilitas
1390 2313 1451 2359 re·

332 2399 432 2474 diens
456 2398 644 2472 indubium
668 2399 805 2473 favillae
831 2399 945 2480 vitalis
970 2401 1118 2478 feliciter
1142 2404 1361 2478 resuscitatae
1388 2417 1444 2477 te-

331 2517 538 2591 stimonium
562 2515 770 2618 praebuerit
795 2516 1000 2618 Naphtham
1025 2546 1068 2592 ex
1092 2519 1252 2595 alcohole
1277 2535 1314 2594 et
1338 2521 1446 2596 acido

333 2635 572 2738 phosphorico
597 2661 667 2710 una
692 2634 873 2710 destillatis
898 2639 1096 2738 praeparari
1122 2641 1349 2737 curavimus,
1372 2642 1445 2714 exi·

329 2753 511 2828 stimantes
547 2751 769 2828 stomachum
802 2753 886 2836 inde
923 2757 1039 2828 minus
1079 2757 1291 2860 periclitari,
1332 2785 1443 2861 quam

330 2871 608 2972 siphcsphorus
632 2872 669 2944 in
700 2871 840 2946 aethere
875 2873 1030 2975 quodam
1060 2853 1262 2950 solveretur.
1299 2878 1440 2978 lnoepi-

330 3013 455 3064 musa
488 2989 594 3087 guttis
629 2987 752 3088 viginti
787 2991 880 3064 intra
915 2992 1186 3092 nycthomerum
1215 2997 1443 3096 propinatis,

330 3104 577 3179 adsccudcndo
601 3105 817 3205 pedetentim
847 3133 957 3210 usquc
990 3109 1035 3184 ad
1071 3113 1334 3212 qrriuquagiute„
1368 3117 1442 3189 Pru

330 3221 494 3296 vehiculo
536 3222 719 3323 selegimus
761 3253 844 3302 mox
883 3229 1039 3304 inlbsum
1078 3231 1317 3330 Valerianus,
1357 3261 1441 3330 mox

329 3365 457 3440 aquam
484 3340 649 3414 Menthae
679 3369 761 3417 cum
794 3346 946 3420 tinctura
977 3348 1225 3447 Cinnamomi,
1262 3377 1346 3426 mox
1376 3353 1439 3430 de·

328 3467 470 3526 coctum
496 3453 655 3553 Chinae,
680 3458 937 3562 interponendo
962 3492 1066 3540 usum
1098 3467 1316 3568 jusculorum
1351 3496 1437 3546 con-

328 3582 576 3644 centratorum.
601 3575 722 3673 Longa
747 3577 891 3678 quidem
916 3594 952 3654 et
976 3583 1129 3658 taediosa
1157 3585 1223 3658 luit
1247 3613 1351 3684 cura,
1374 3614 1440 3690 per

327 3699 479 3787 quatuor
503 3713 640 3763 menses
666 3695 892 3794 continuata,
915 3698 978 3772 sed
1004 3701 1138 3776 faustus
1163 3704 1274 3778 exitus
1299 3707 1337 3778 in
1354 3732 1439 3780 casu

328 3807 471 3906 jamjam
496 3806 716 3883 conclamato
741 3825 778 3884 et
802 3839 946 3915 operam
972 3817 1203 3921 indefessam,
1218 3837 1254 3900 et
1272 3825 1440 3928 temporis

328 3929 499 4028 jacturam
523 3925 617 4032 larga
644 3933 823 4012 resarcivit
848 3962 965 4014 manu.
