3252 5166
334 293 409 366 -232

382 409 557 512 Copulttot
581 405 802 482 rhewnatum
825 409 1010 482 teutonem
1027 429 1108 480 cum
1124 402 1200 480 iube
1218 403 1453 492 camdem,

331 529 428 604 haud
445 529 684 630 infrequenter
699 526 933 622 observatam,
949 547 1032 620 cum
1048 525 1246 626 praemissis
1274 523 1342 598 alio
1359 524 1450 596 loco

326 647 465 750 placitis
491 651 585 724 eirca
611 648 799 724 antithesin
824 649 1006 752 utriusque
1031 645 1146 719 morbi
1171 643 1209 720 in
1236 642 1334 718 nulla
1359 670 1451 718 con·

330 764 536 840 tradictione
561 787 663 862 esse,
687 766 847 864 sequenti
871 765 1007 838 ratimae
1032 761 1293 836 adumbramus.
1318 761 1447 835 Posito

329 885 538 980 rheumate,
571 899 677 984 atque
710 883 915 984 ephidrosi,
949 906 1040 984 quam
1073 883 1192 984 ipsum
1225 865 1449 976 comitatur,

318 995 510 1096 'uberiori,
533 999 586 1072 nil
611 997 747 1073 facibus
772 998 927 1093 accidit,
951 1023 1059 1099 quam
1094 1011 1135 1070 ut
1170 999 1304 1070 recenti
1338 995 1446 1072 refri-

327 1118 423 1218 gerio
438 1117 626 1193 accedente
643 1118 733 1190 cutis
750 1117 957 1218 perspiratio
973 1115 1162 1216 derepente
1178 1116 1446 1215 supprimebat,

326 1247 434 1337 atquo
459 1233 609 1309 vicarias
632 1235 671 1306 in
700 1233 912 1306 membranis
937 1233 1090 1306 mucosis
1115 1233 1318 1307 exoriantur
1342 1259 1446 1306 reac-

328 1356 469 1452 tiones,
492 1357 699 1456 persistente
722 1355 866 1428 iuterim
890 1377 1056 1454 processu
1081 1353 1255 1428 irritativo
1278 1354 1318 1426 in
1342 1353 1443 1427 rela-

327 1475 454 1555 mentis
479 1475 613 1546 serosis.
639 1474 730 1546 Item
765 1486 1081 1572 contemporaneus
1111 1484 1210 1545 ortus
1245 1469 1479 1548 rheumatis.

328 1606 365 1666 et
390 1591 540 1688 catarrbi
566 1594 705 1692 concipi
730 1593 886 1693 poterit,
909 1589 961 1663 nil
985 1587 1081 1665 enim
1105 1588 1250 1686 obstat,
1277 1605 1318 1664 ut
1342 1592 1444 1666 rebi-

326 1712 488 1810 gerinm,
518 1709 729 1810 suffragante
764 1708 936 1786 individui
971 1707 1221 1809 dispositione,
1245 1707 1283 1782 iu
1309 1711 1442 1786 tunicis

324 1825 479 1903 mucosis
504 1851 634 1928 aeque,
651 1853 692 1900 ac
716 1827 842 1902 serosis
867 1823 1048 1902 morbosos
1073 1825 1202 1898 excitat
1226 1828 1442 1924 mactiones,

324 1945 441 2044 primo
466 1943 597 2018 intuitu
621 1943 828 2022 relationem
852 1941 1111 2044 sympathieam
1135 1967 1217 2016 cum
1245 1955 1440 2045 systemate

302 2061 544 2157 'dermatico,
568 2063 724 2137 secundo
748 2063 879 2136 intuitu
904 2085 1115 2136 consensum
1143 2063 1437 2162 antagonisticum

324 2175 571 2254 subvertendo.
597 2179 734 2272 Quodsi
759 2193 878 2252 autem
894 2203 937 2252 ex
961 2178 1109 2252 adverso
1125 2180 1303 2280 primitiva
1318 2185 1438 2283 pasn'o

325 2298 432 2374 inerit
456 2297 676 2394 catarrhalis,
700 2297 848 2372 rheuma
871 2299 1098 2397 supervenire
1127 2299 1187 2371 vix
1216 2323 1339 2398 posse,
1363 2305 1437 2401 jam

322 2415 406 2492 inde
430 2415 563 2520 liquet,
588 2417 685 2526 quod
714 2415 775 2491 illa
799 2418 873 2490 cuti
898 2419 989 2490 sicca
1015 2417 1186 2518 stipetur,
1210 2416 1280 2492 hoc
1310 2431 1435 2494 centra

321 2559 389 2640 pro
413 2536 469 2610 sni
493 2549 573 2610 ortu
599 2537 671 2608 cuti
696 2533 836 2608 madida
861 2533 968 2634 egeat
994 2533 1037 2608 Id
1066 2533 1165 2635 quod
1197 2535 1304 2630 ratio,
1328 2559 1436 2610 sanae

320 2649 552 2755 patbogeniae
576 2645 709 2754 legibus
733 2649 891 2749 suffulta,
915 2649 1055 2748 suadet,
1071 2651 1284 2754 experientis
1308 2653 1436 2734 coufir-

322 2782 400 2844 nat
422 2768 637 2872 quotidiana.
737 2809 741 2820 ·

370 2883 525 2961 Omnem
559 2885 704 2988 typhaei
735 2892 891 2986 contagii
924 2885 1079 2962 favillam
1116 2887 1277 2964 nondum
1316 2891 1431 2966 extin-

320 3017 417 3080 ctam
440 3003 569 3102 iuisse,
593 3007 689 3082 varia
714 3006 797 3080 hinc
813 3007 897 3080 inde
914 3004 1018 3081 obvia
1039 3005 1199 3109 exempla
1214 3007 1434 3105 doceantur,
1541 3065 1543 3070 -

318 3124 433 3198 immo
457 3123 566 3224 magis
591 3149 720 3226 anceps
745 3149 929 3225 aegrorum
945 3123 984 3198 id
998 3149 1108 3224 genus
1124 3127 1201 3200 viro
1218 3125 1431 3200 infectorum

319 3237 506 3337 ιὶάὠιιιιι
528 3259 626 3338 sors,
651 3269 759 3345 quam
784 3243 910 3346 elapsis
934 3243 1123 3319 mensibus.
1138 3245 1230 3321 Duo
1254 3245 1352 3320 febre
1376 3259 1433 3350 ty·

241 3371 244 3386 ‘'
318 3359 431 3466 pheta
454 3365 656 3464 gravissima
681 3363 798 3440 obruti
822 3367 918 3468 apud
942 3391 1007 3442 uos
1023 3379 1220 3440 extremum
1244 3365 1432 3442 obiveruut

318 3479 415 3558 diem
430 3481 645 3584 ,apoplexia
672 3487 816 3558 enecati.
842 3487 898 3558 Au
931 3509 1072 3586 cloppos
1102 3486 1333 3588 expansivnm
1366 3511 1431 3587 per

318 3597 519 3674 nniversam
543 3613 707 3674 naturam
731 3605 910 3703 potentius
935 3601 1138 3698 evolutum,
1162 3627 1208 3684 au
1225 3603 1430 3676 constitutio

319 3717 570 3817 rheumatica,
607 3745 649 3793 ac
683 3721 841 3821 pendeus
877 3719 961 3796 inde
995 3726 1109 3822 major
1145 3719 1431 3796 membranarum
1485 3745 1487 3750 ·

315 3859 539 3933 mmsarum,
564 3865 646 3939 ergo
671 3840 778 3914 etiam
801 3837 1074 3937 arachnoidem,
1098 3841 1136 3914 in
1160 3831 1293 3914 staturis
1310 3842 1426 3944 irn'ta-
1498 3858 1509 3868 ·

316 3957 423 4032 tionis
447 3973 484 4031 et
507 3959 543 4032 in
566 3957 751 4034 effusiones
768 3959 987 4062 proclivitas,
1014 3979 1060 4034 an
1087 3959 1307 4039 conditiones
1332 3987 1429 4036 mere

314 4071 548 4150 individuales
573 4076 768 4150 insimulari
793 4075 1015 4172 debuerant,
1039 4103 1085 4151 au
1109 4076 1229 4180 plnres
1258 4105 1328 4154 una
1360 4081 1428 4152 cir-

315 4191 569 4288 cumstantiae,
594 4193 781 4268 difficulter
805 4193 1052 4272 decidendum.

363 4309 569 4383 Dominium
580 4311 758 4411 pellogme
774 4316 845 4414 jam
862 4311 1064 4391 notabiliter
1080 4310 1261 4386 obsolevit.
1288 4311 1425 4388 Unicus

316 4440 453 4502 tantum
479 4427 580 4505 nobis
605 4427 816 4508 obveniebat
840 4457 962 4532 casus,
979 4429 1109 4508 tornae
1135 4445 1254 4507 tamen
1271 4433 1427 4528 rarioris,
