3264 5194
307 305 374 380 ηδ

300 420 516 518 conciliant,
540 435 622 502 utut
645 419 815 498 morbidis
839 447 923 498 eum
947 423 1084 526 injuriis
1109 419 1205 498 baud
1232 445 1313 496 mm
1337 417 1412 494 eoi·

297 537 485 616 luotentur.
512 539 585 634 Qui
609 539 768 638 sordida,
795 555 832 616 et
859 543 1055 641 unguinosa
1076 542 1216 642 opifi'oia
1232 553 1414 636 exercent,

298 659 351 731 uti
377 657 525 756 olearii,
548 659 735 755 larrioues,
758 657 1034 756 salsamentarii,
1058 659 1231 755 foricarii,
1247 671 1284 732 et
1307 658 1414 730 cemi-

298 799 428 850 uorum
453 789 675 877 purgatores,
697 777 838 878 iniquas
863 773 1012 850 elimatis
1037 776 1182 850 stanni
1211 789 1414 876 tempomm

298 892 394 966 vices
418 893 559 970 nonnisi
583 919 663 968 raro
689 894 925 994 experiuntur.
950 895 993 966 In
1018 919 1126 966 censu
1155 917 1298 995 quoque
1334 917 1411 966 sor·

298 1011 465 1090 didomm
499 1013 674 1089 artificum
708 1013 913 1088 recensendi
947 1025 1032 1086 sunt
1064 1013 1240 1108 Casearii,
1274 1011 1336 1112 qui
1369 1037 1413 1088 ex

298 1130 447 1204 vacoino
480 1127 571 1208 lacte
606 1129 754 1230 gmndes
788 1129 867 1204 illas
901 1143 996 1205 rotas
1032 1155 1191 1205 oasaosaa
1232 1127 1415 1224 efficiunt,

299 1246 518 1350 Cispadanae
547 1246 706 1349 planitiei
740 1247 890 1323 divitias
928 1248 1099 1340 Quamvis
1130 1244 1200 1320 tale
1233 1245 1412 1346 opificium

297 1367 337 1440 in
360 1363 486 1438 iisdem
510 1378 695 1439 exerceant
718 1363 840 1463 villis,
863 1377 901 1440 et
935 1363 1023 1441 louis
1058 1361 1341 1465 campestrihus,
1373 1363 1413 1434 in

297 1483 426 1586 quibus
451 1483 565 1558 febres
589 1483 888 1580 intermittentes,
912 1481 1125 1578 oaohexiae,
1148 1483 1325 1556 viseerum
1348 1477 1413 1552 ab·

298 1597 530 1677 domiualium
553 1599 750 1698 inferetur,
774 1599 955 1701 pellagra,
978 1613 1045 1676 oto.
1070 1597 1223 1674 cultores
1247 1623 1413 1698 agrorum

298 1714 472 1792 dirissime
496 1713 667 1818 adfligunt
691 1731 728 1792 et
752 1719 981 1814 excruciant,
1005 1718 1203 1791 immunem
1227 1727 1347 1788 tamen
1367 1714 1413 1786 ab

297 1835 396 1912 himo
418 1833 521 1914 malis
545 1838 736 1942 transigere
760 1835 875 1914 solent
897 1839 1030 1934 vitam,
1051 1833 1414 1944 eujusphaouomeni

298 1954 474 2034 rationem
496 1959 687 2060 nuspiam,
710 1957 778 2032 nisi
802 1957 841 2030 in
866 1969 975 2053 cute,
998 1953 1189 2032 universali
1218 1953 1281 2028 illo
1317 1977 1413 2026 mor·

297 2069 429 2149 horum
465 2075 581 2172 atrio,
616 2075 822 2176 ungarinmis
856 2073 1019 2150 sordibus
1054 2087 1249 2176 oooperta,
1282 2069 1414 2172 talique

298 2203 405 2293 puoto
429 2189 596 2268 adversus
621 2193 887 2295 atmospbaerue
911 2190 1153 2270 inclementias
1177 2189 1288 2292 magis
1310 2214 1412 2292 prae·

298 2311 707 2412 munitainquirundam
731 2338 835 2410 ease,
859 2295 1033 2413 opinarer.

225 2513 227 2520 y
349 2429 531 2504 Sufficiant
553 2431 695 2506 interim
718 2431 897 2533 generales
921 2433 1009 2508 istae
1032 2431 1195 2510 notiones
1220 2431 1313 2506 eirea
1329 2428 1413 2530 Agri

299 2549 497 2626 Ticinensis
521 2547 738 2627 obmatimm
762 2551 967 2650 ingenium,
991 2565 1029 2628 et
1052 2551 1307 2626 anniversarias
1331 2575 1415 2624 eorr-

297 2669 525 2768 stitutionos,
549 2695 615 2744 nee
639 2695 713 2746 uon
737 2672 831 2746 oiroa
855 2672 1021 2774 potiora,
1043 2697 1135 2774 qrrae
1165 2671 1248 2748 inde
1282 2669 1414 2746 mdmr·

298 2789 387 2864 dant
409 2790 449 2862 in
473 2787 673 2886 aooolamm
697 2788 850 2864 salutem
873 2789 1113 2866 emolumenta
1136 2803 1175 2864 et
1198 2789 1338 2864 mnino„
1363 2831 1414 2848 —·

297 2905 531 2984 Partiouinres
554 2907 861 3004 modificationes,
884 2933 972 3010 quas
995 2907 1175 2984 interdum
1207 2903 1324 2980 morbi
1347 2931 1413 3006 po-

297 3023 439 3126 pulams
463 3025 741 3122 nanciscuntur,
764 3026 804 3100 in
828 3023 962 3102 clinicis
992 3024 1149 3100 muium
1179 3021 1412 3124 ephemeridi-

297 3138 393 3239 bus,
427 3143 661 3243 opportunior
696 3143 840 3220 dabitur
873 3143 1022 3222 oocasio.
1046 3140 1260 3236 -Quodsi
1293 3139 1412 3218 brevis

297 3256 428 3334 beeooo
453 3258 736 3362 Chorograpbiae
761 3261 957 3338 Tioiueusis
982 3259 1229 3358 adumbratio,
1252 3285 1319 3334 oeu
1342 3258 1414 3360 pri·

298 3397 400 3450 mum
424 3387 627 3473 testamen,
650 3375 885 3455 desideratum
908 3405 982 3454 non
1006 3380 1053 3454 sit
1076 3379 1204 3481 adepta
1228 3377 1413 3480 perfeetio-

297 3515 398 3587 nem,
412 3491 606 3568 benevolus
620 3495 750 3569 Leotor
765 3509 921 3592 excuset,
936 3523 1078 3598 quaeso.
1094 3495 1201 3573 Nullo
1217 3509 1409 3598 praeeunte

297 3609 507 3712 exemplari,
526 3611 644 3686 omnia
668 3638 689 3686 e
712 3615 865 3715 propriis
889 3615 1192 3692 observationibus
1218 3613 1409 3688 haurienda

297 3741 426 3825 eraut,
449 3753 536 3829 quas
569 3754 590 3803 a
624 3731 874 3808 remotioribus
908 3734 947 3806 iu
982 3747 1058 3808 arte
1093 3733 1188 3808 Viris
1224 3757 1410 3834 progressu

298 3849 467 3949 temporis
501 3847 775 3952 emendaturos,
808 3879 850 3930 ac
884 3852 1029 3932 uberius
1057 3851 1303 3958 explanaturus
1337 3851 1412 3932 iore

298 3991 430 4070 spero,
453 3979 490 4046 ot
513 3968 630 4070 cupio.
