3228 5166
205 511 316 616 probe
340 513 553 616 cognoverit
577 515 631 590 De
656 517 762 620 hujus
791 519 843 594 rei
881 521 1049 618 gravitate
1083 521 1207 594 intime
1230 543 1313 620 pcr-

205 657 351 733 suasus,
373 659 485 734 quum
510 631 557 709 ad
581 633 697 708 Ticini
722 637 815 737 ripas
849 635 1068 737 adpulerim,
1101 637 1315 711 Medicinam

205 747 256 822 ihi
279 749 436 824 facturus
460 765 498 824 et
520 752 757 852 professurus,
792 754 953 854 inprimis
983 754 1071 826 mihi
1104 777 1210 827 curae
1234 779 1313 828 cor·

205 865 314 968 dique
338 865 425 964 tuit,
448 881 490 942 ut
513 869 718 944 adcuratam
733 869 883 944 climatis
900 873 1064 958 nonnam
1084 872 1317 972 acqrrirerem,

207 987 284 1062 siue
307 1011 379 1087 qua
402 985 551 1064 obscura
587 991 772 1065 mansisset
802 989 1008 1066 morborum
1046 989 1318 1065 remaculorum

209 1117 247 1177 et
262 1103 536 1204 epidamicorum
551 1107 709 1204 indoles,
725 1121 831 1208 atquc
846 1133 980 1187 vanum
1002 1129 1176 1181 conamen
1192 1129 1319 1201 omne,

210 1235 343 1294 rectam
367 1221 499 1296 eisdem
522 1223 817 1300 adcommodandi
841 1224 1027 1298 medelam.
1043 1219 1139 1299 Non‘
1152 1238 1207 1298 est
1227 1222 1318 1300 mihi

210 1338 391 1411 inanimo
410 1337 566 1444 ,plenam
596 1356 783 1437 contexere
819 1342 1121 1442 Chorogmphiam
1151 1341 1319 1443 physico-

208 1454 400 1551 medicam,
423 1481 532 1557 quam
556 1472 593 1531 et
616 1459 803 1559 propositi·
819 1459 890 1532 mei
924 1461 1014 1534 ratio
1040 1473 1185 1534 vetaret.
1211 1457 1324 1534 iuva&

208 1569 264 1646 bit
297 1572 469 1647 duntaxat
503 1576 659 1675 potiores
693 1601 815 1676 presso
849 1575 987 1651 calamo
1028 1575 1185 1650 iudicare
1221 1575 1320 1650 Coeli

209 1689 407 1764 Ticinensis
431 1691 637 1792 qualitates,
662 1707 735 1768 tam
760 1695 912 1789 nativas,
944 1697 1065 1792 quam
1078 1691 1322 1798 adnuntias,

210 1809 340 1910 quibus
369 1811 731 1912 praemonstrantibus
759 1812 1006 1913 quadantenus
1043 1809 1190 1908 intelligi
1220 1823 1320 1910 pote·

214 1939 301 2000 runt
324 1927 544 2002 conditiones
560 1928 665 2002 saluti
681 1927 880 2003 accolarum
901 1929 1051 2023 amicae,
1070 1926 1129 2002 vel
1144 1926 1320 2001 adversae.

262 2044 296 2118 A
318 2045 465 2118 meridie
489 2047 757 2147 Apenninorum
781 2046 967 2146 ambages,
982 2071 1073 2146 quae
1095 2043 1241 2118 flexibus
1257 2046 1322 2118 im-

212 2164 342 2236 mensis
366 2163 502 2264 bicipiti
526 2163 636 2239 teluti
661 2191 772 2239 cornu
788 2165 827 2239 in
843 2164 1006 2266 Apuliam
1023 2184 1135 2266 usque
1151 2188 1227 2238 sese
1242 2189 1322 2264 por·

211 2280 345 2378 rigunt,
369 2305 391 2354 a
415 2283 660 2383 septentrione
684 2284 923 2383 giganteamm
946 2281 1091 2383 Alpium
1116 2286 1216 2382 juga,
1231 2305 1322 2380 quae

210 2394 425 2496 Helveuun,
436 2399 652 2474 Comitanrm
669 2398 916 2501 Tyrulensem,
928 2397 1216 2498 liuritrophasque
1227 2395 1322 2468 Lan·

212 2511 398 2612 gobardiae
416 2513 569 2590 ditiones
578 2531 740 2618 spectant
751 2571 760 2612 ,
772 2517 988 2618 summisque
1004 2513 1246 2590 cacuminibus
1258 2537 1323 2584 nu-

108 2653 117 2670 ·
211 2628 275 2704 bea
309 2631 499 2731 minduut,
532 2635 766 2709 vastissimam
803 2629 925 2730 illam,
947 2659 990 2707 ac
1013 2634 1173 2709 omnium
1204 2655 1323 2704 reruni

210 2737 462 2824 tenennmm
486 2751 749 2853 amplectuntur
772 2751 994 2846 convallem,
1009 2775 1117 2850 quam
1143 2749 1321 2824 Eridanus

213 2869 426 2942 terrentibus
452 2873 625 2971 percurrit
650 2871 770 2966 undis,
785 2886 821 2944 et
845 2876 946 2971 cujus
962 2893 1036 2942 non
1052 2869 1211 2940 infimam
1235 2882 1321 2938 sane
1370 2905 1374 2915 ·

211 3001 351 3088 partem
374 2990 558 3062 constituit
580 2987 679 3086 Ager
705 2989 902 3062 ltcoaensu
911 3039 927 3076 ,
943 3013 963 3060 a
980 2986 1188 3084 cognomine
1213 2982 1323 3058 fluvio

212 3104 252 3176 in
272 3173 275 3180 ,
294 3103 552 3180 Laumellinam
587 3119 685 3178 trans
717 3105 907 3199 liciarum,
942 3117 979 3176 et
1014 3101 1244 3201 Campaniam
1269 3101 1320 3174 cis

214 3219 382 3294 Ticinum
404 3221 547 3296 divisus.
571 3219 784 3296 Vocitabant
800 3221 885 3296 olim
906 3221 1151 3320 Principatum
1174 3219 1324 3319 Papiae,

213 3343 315 3439 cnjus
338 3363 420 3440 pars
442 3341 541 3441 prior
565 3365 660 3414 anno
700 3340 791 3443 1743
829 3339 1062 3414 Pedemontio
1097 3339 1323 3438 incorporata

212 3456 296 3554 lirit,
320 3456 429 3532 altera
463 3458 510 3534 ad
545 3473 765 3560 praesentem
791 3485 901 3559 usque
935 3457 1033 3532 'diem
1058 3454 1323 3555 Langobardiae

210 3571 381 3675 subjecta.
404 3575 535 3650 Versus
560 3576 743 3650 meridiem
767 3576 865 3649 Pado
898 3573 1218 3670 circumscribitur,
1245 3597 1323 3650 ver·

211 3717 273 3765 sus
314 3691 538 3766 occidentem
578 3695 794 3768 territorium
828 3693 1160 3787 Pedemontanum,
1200 3716 1323 3766 versus
1353 3699 1355 3702 ’

211 3811 488 3911 septentrionem
523 3811 748 3887 Provinciam
785 3810 1083 3885 Mediolanensem
1119 3811 1252 3907 tangit,
1281 3833 1324 3880 ac

212 3953 334 4006 versus
365 3945 484 4004 ortum
521 3955 585 4030 per
620 3930 727 4006 colles
766 3931 799 4004 S.
835 3928 1047 4004 Columbani
1081 3953 1102 4002 1
1137 3925 1324 4002 Provincia

211 4045 391 4121 laudensi
416 4061 609 4147 separatur.

211 4231 217 4241 .
262 4165 376 4265 Super
399 4163 545 4239 mollem
568 4178 606 4237 et
630 4163 912 4239 semirotundum
942 4161 1075 4238 clivum
1110 4159 1157 4236 ad
1186 4159 1326 4234 laevam

212 4279 327 4357 amnis
352 4279 485 4376 Ticini,
509 4305 530 4352 e
553 4277 720 4356 Verbano
745 4279 824 4354 lacu
840 4281 1084 4375 scaturientis,
1099 4278 1214 4378 ripam
1230 4299 1326 4350 11100-

206 4397 271 4472 niu
295 4394 431 4472 extollit
455 4397 696 4497 antiquissima
720 4397 826 4496 urbs,
860 4399 1050 4495 Ticinum,
1072 4397 1164 4474 circa
1190 4419 1325 4468 annum

206 4510 550 4616 4540011110111101
566 4512 761 4615 conditam,
779 4541 861 4615 ergo
878 4517 917 4592 Α.
936 4516 1008 4593 300
1026 4529 1109 4590 ante
1126 4515 1326 4611 Christian,
