3252 5166
1220 361 1290 436 233

185 479 223 554 in
247 485 375 580 juvene
402 501 448 552 ao
475 503 674 576 emiorum,
698 505 718 552 e
742 477 944 582 limitropha
970 479 1187 556 Laumellum
1212 507 1293 582 pro

185 602 375 695 veniente,
400 601 501 672 cuia
538 597 696 699 pluribus
732 601 832 672 annis
867 602 1011 674 ineunte
1042 625 1180 702 semper
1209 625 1292 690 yere

183 719 274 790 cutis
297 715 463 796 delibrari
487 718 612 790 suerit
637 717 740 790 Armo
765 717 980 817 praeterito,
1004 715 1090 790 darm
1120 715 1301 818 pellagiu-¹

183 859 263 906 sum
288 833 494 906 cacoderma
519 858 584 906 suo
621 833 683 914 fini
718 833 918 934 proximum
953 848 1071 926 esset,
1104 835 1294 933 improvise

182 953 251 1054 ipsi
274 952 573 1026 contrahebantur
597 950 742 1025 llexores
758 951 947 1050 digitorum
963 952 1001 1024 in
1018 949 1188 1024 ambabus
1214 973 1290 1024 ms-

184 1072 288 1144 nibus
313 1085 350 1144 et
373 1071 549 1172 pedibus,
572 1072 621 1144 ita
658 1085 700 1144 ut
730 1097 813 1172 prae
848 1069 969 1144 dolore
1006 1084 1042 1143 et
1079 1071 1291 1144 extensionis

138 1203 142 1210 '
183 1191 397 1293 phalangam
430 1193 636 1292 impotentia
672 1213 787 1291 neque
822 1189 945 1290 gradi,
979 1215 1095 1292 neque
1129 1189 1291 1264 manibus

182 1309 269 1409 quid
302 1309 521 1410 prehendere
555 1307 735 1411 potuisset.
772 1307 859 1384 Post
893 1309 1051 1384 triduum
1089 1307 1291 1409 disparuere

181 1423 363 1502 molestiae
398 1427 593 1529 opitulante
626 1427 698 1504 sola
738 1445 864 1504 natura
898 1429 1148 1524 medicatrice,
1183 1441 1290 1528 atquc

181 1544 274 1619 bona
299 1571 400 1645 aeger
424 1572 489 1648 per
512 1545 685 1649 reliquam
709 1551 794 1622 anni
819 1561 955 1648 partem
985 1548 1122 1646 gavisus
1153 1559 1207 1618 est
1232 1569 1290 1622 ra·

182 1664 348 1738 letudine.
373 1664 570 1766 adpetente
593 1685 677 1741 vere
701 1669 783 1740 anni
808 1669 899 1739 1818
917 1666 1034 1742 denuo
1056 1664 1193 1740 redibat
1208 1691 1289 1766 cry*

181 1783 300 1856 thema
324 1775 587 1885 pellagrosum,
610 1786 808 1886 iterumque
832 1783 1006 1858 emicabat
1029 1784 1291 1858 extremitatum

181 1901 341 1974 omnium
365 1906 608 1998 contractura,
628 1917 708 2002 post
731 1926 861 2003 paucas
887 1899 990 1974 horas
1014 1913 1140 2000 sponte
1164 1897 1289 1976 soluta.

181 2017 247 2090 Die
289 2043 342 2090 rra
377 2019 461 2120 Maji
489 2045 575 2094 vcro
609 2045 752 2118 gravem
782 2033 825 2091 et
868 2017 1071 2092 dolorosum
1116 2015 1288 2090 assultum

52 2191 56 2202 .
181 2159 319 2235 passus,
344 2133 596 2210 Nosocomium
621 2137 756 2232 adivit,
784 2137 821 2208 in
853 2149 1010 2209 nostram
1035 2134 1227 2233 scholam,
1249 2149 1292 2208 ut

181 2254 410 2355 reciperetur,
435 2255 596 2354 rogitans.
623 2253 789 2334 Morbum
813 2255 1009 2354 principem
1030 2265 1067 2326 et
1082 2253 1289 2354 primarium

179 2393 246 2471 pro
264 2371 422 2474 pellagie
446 2374 680 2471 agnovimus,
713 2371 863 2444 sormam
894 2367 1071 2471 sucltylen
1094 2367 1288 2472 spasmodi·

79 2594 83 2600 Ι
180 2513 260 2563 cam
284 2489 508 2596 adpellantes.
534 2491 621 2594 Ejus
647 2490 843 2590 originem,
867 2503 908 2562 ut
931 2487 1029 2562 illam
1055 2501 1108 2562 tot
1139 2484 1288 2562 aliarum

179 2612 407 2706 neurosium,
431 2609 497 2682 sub
521 2631 671 2709 quarum
695 2609 872 2683 schemate
901 2607 1093 2709 pellagrosa
1127 2605 1203 2680 lues
1228 2607 1289 2680 de·

182 2755 322 2802 currere
345 2727 461 2824 solet,
491 2731 597 2828 statui
625 2719 828 2808 irritationis
860 2725 1215 2800 subiuflammaton'ae
1250 2729 1288 2800 in

180 2844 401 2945 meningibus
426 2845 601 2919 medullae
630 2845 773 2948 spinalis
804 2845 957 2919 tribuere
991 2869 1066 2918 non
1100 2842 1288 2944 displicuit.

180 2962 312 3038 Utrum
336 2987 422 3036 vero
446 2962 573 3036 haecce
597 2962 955 3066 mpelosymphoresis
978 2987 998 3034 a
1023 2959 1173 3062 simplici
1197 2959 1287 3035 dira·

180 3079 335 3184 diatione
359 3081 586 3181 erythematis
611 3081 731 3156 solaris
756 3107 862 3182 super
886 3079 1107 3154 membranas
1132 3101 1285 3174 sercsas,

180 3211 217 3270 ct
239 3198 421 3298 speciatim
446 3221 553 3298 super
576 3199 873 3295 arachnoidem,
898 3198 956 3272 vel
986 3213 1107 3272 utrum
1131 3223 1151 3270 a
1177 3213 1285 3272 meta·

180 3315 318 3391 choresi
342 3318 546 3392 adlectionis
570 3320 835 3422 protopathicae
852 3321 1077 3423 dependerit,
1099 3313 1287 3395 decernere

178 3433 366 3510 noluimus.
390 3436 584 3511 Videbatur
595 3451 719 3512 ‘tamen
735 3441 913 3512 sccundus
927 3462 1027 3512 casus
1046 3431 1289 3534 verisimilior,

180 3572 352 3660 quatenns
376 3561 415 3632 in
442 3557 642 3660 pellagrosis
675 3562 865 3636 universim
897 3559 1024 3634 turbae
1059 3575 1288 3660 gastro-cnte-

179 3679 272 3752 ricae
306 3691 342 3752 et
377 3702 546 3752 nervosae
581 3693 681 3754 tanto
718 3675 854 3754 lacibus
894 3677 1180 3774 subnascuntur,
1214 3703 1287 3780 quo

179 3799 289 3896 magis
322 3795 495 3871 defetiscit
529 3795 625 3872 lenta
658 3798 745 3896 illa,
785 3815 890 3902 atque
931 3797 1069 3873 occulta
1104 3797 1282 3898 phlogosis

180 3915 379 3990 dermatica.
404 3913 612 3990 Catharticis
637 3913 859 4011 fortioribus,
884 3917 1060 3992 vesicantc
1085 3915 1177 3988 inter
1209 3941 1286 3988 sca·

180 4031 457 4130 pulas,-balneis
488 4032 704 4133 simplicibus
741 4049 777 4108 et
817 4035 916 4108 victu
957 4034 1135 4108 nutriente
1166 4059 1287 4106 curam

180 4151 270 4222 intra
295 4149 479 4224 octiduum
503 4150 725 4251 perfecimus.

98 4271 101 4278 '
230 4267 445 4342 Mentionem
486 4267 638 4370 denique
672 4269 789 4344 adhuc
828 4285 985 4343 merctur
1021 4268 1182 4343 insolitos
1219 4267 1287 4340 hoc

180 4409 300 4460 mense
323 4412 505 4485 acgromm
528 4385 802 4461 scorbaricomm
818 4413 1007 4484 numanis,
1023 4387 1084 4488 qui
1102 4385 1285 4458 fundatam

180 4506 413 4606 suspicionem
436 4508 573 4608 movit,
597 4509 633 4590 iu
658 4507 736 4610 ipso
761 4505 1025 4608 atmosphacrac
1049 4515 1142 4582 statu
1169 4505 1285 4578 insue-
