3264 5194
258 15 338 71 evo
355 11 501 96 ratione,
524 9 653 98 partim
678 19 698 70 a
723 4 867 70 sumus
922 20 981 68 118
1005 20 1041 68 a·
1075 12 1163 71 tivi·
1185 19 1263 70 ores
1298 14 1384 70 oon·

259 115 407 189 citatur
429 109 649 211 naciones,
672 140 714 187 ac
738 109 870 188 idcirco
894 106 1165 189 adsubeundas
1194 127 1385 187 metamor·

259 231 406 329 phosss
430 231 611 307 morbosus
620 231 741 306 ‘multo
757 233 868 331 magis
884 225 1040 333 proclive
1057 223 1183 308 evadit
1202 233 1260 305 Eu
1276 251 1387 332 quan-

260 342 361 422 dam
385 352 556 424 rationem
581 342 725 451 maioris
749 343 965 451 frequentiae
989 349 1195 425 morborum
1219 347 1388 424 exanthe-

261 469 503 561 maurorum,
513 491 601 566 quos
612 461 732 539 fideles
750 487 879 542 remae
897 467 1112 566 tempestatis
1129 465 1387 542 commilitones

262 603 380 680 esse,
404 585 582 656 nemiuem
607 583 825 658 medicorum
840 583 935 657 latet
958 585 1009 656 Re
1025 576 1169 685 quidem
1187 605 1268 660 vera
1284 581 1387 684 plura

259 700 375 797 apud
399 727 464 774 nos
489 699 722 776 occurrebant
745 698 976 803 &vibelum
998 692 1083 776 hine
1106 697 1190 778 inde
1213 701 1389 804 pem

257 829 302 886 et
329 814 555 892 semiactum,

318 931 548 1039 Erynpelota
574 927 680 1038 liujus
704 937 788 1011 anni
806 937 973 1038 temporis
988 929 1155 1012 differunt
1170 934 1215 1012 ab
1232 937 1390 1033 aestivit,
1511 976 1516 986 ·

262 1055 376 1152 quod
400 1069 645 1129 constanteru
677 1049 856 1154 refrigerio
892 1067 1010 1128 ortum
1046 1053 1206 1152 ducant,
1238 1054 1388 1155 ideoque

264 1165 528 1274 idlopatlucam
543 1164 759 1246 constituant
774 1169 901 1244 labem„
918 1167 967 1244 Et
983 1172 1012 1244 si
1028 1170 1095 1244 sub
1112 1171 1262 1246 decursu
1280 1192 1389 1272 quae*-

267 1285 362 1362 dam
386 1285 508 1391 notula
532 1287 719 1361 sabunalis
745 1287 910 1388 adparet,
934 1287 1021 1362 haee
1046 1313 1066 1360 e
1097 1311 1271 1362 consensu
1305 1289 1385 1362 ders

270 1407 382 1480 matis
407 1425 489 1480 cum
515 1406 642 1479 tunicis
666 1407 818 1480 mucosis
843 1407 1036 1506 primarum
1060 1405 1197 1480 riarum
1214 1407 1388 1500 nascitur,

271 1521 387 1598 modo
412 1543 508 1595 mero
533 1516 750 1596 secundario.
774 1521 998 1623 Exemplaris
1022 1521 1124 1597 nobis
1148 1523 1222 1596 vita
1254 1523 1390 1598 vultum

273 1661 363 1739 prae
388 1633 464 1714 aliis
489 1639 647 1740 partibus
672 1631 945 1738 conflictabantg
977 1659 1057 1718 rato
1092 1634 1238 1742 quidem
1272 1655 1390 1718 totum

274 1756 374 1832 illico
398 1758 436 1830 in
460 1759 661 1857 principio,
685 1757 749 1832 sed
772 1761 971 1834 successivo
996 1773 1135 1860 reptatu
1163 1779 1286 1834 omues
1311 1759 1389 1861 pla-

274 1901 338 1975 gas
363 1872 490 1971 faciei,
515 1875 710 1972 auriculas,
744 1890 781 1950 et
811 1875 1019 1978 capillitium
1053 1877 1316 1978 pervadebant,
1348 1878 1388 1950 in

274 1997 414 2071 cervice
439 1997 691 2070 evanescentia
716 1995 839 2071 Rarius
865 1989 1014 2072 formam
1031 1997 1187 2096 glabram
1204 1997 1390 2094 tenpbant3

274 2113 486 2215 plerumque
511 2113 828 2214 plrlyotaenosam‚
851 2129 913 2188 eut
936 2113 1119 2188 bullosarru
1135 2113 1205 2186 Vix
1233 2136 1389 2214 uuquam

277 2235 386 2310 talem
410 2229 603 2310 offerebant
627 2237 831 2330 saevitiem,
855 2262 944 2335 quae
968 2229 1110 2308 intimas
1136 2235 1228 2308 vitae
1253 2235 1389 2308 radicu-

276 2348 330 2422 las
354 2365 510 2424 evertere
536 2365 748 2447 conaretur,
772 2349 967 2426 dummodo
993 2349 1036 2423 ab
1062 2351 1160 2424 omni
1194 2345 1387 2450 complica·

279 2467 376 2540 tione
400 2482 437 2540 et
460 2467 632 2540 anomalia
658 2467 826 2540 immunis
851 2468 1019 2540 manserit
1042 2466 1196 2540 morbus.
1219 2467 1391 2542 Iuvenum

271 2585 487 2686 erysipelate
512 2579 612 2658 faciei
637 2579 816 2660 adfectum
840 2610 860 2658 e
885 2579 1002 2659 medio
1027 2583 1128 2660 uobis
1145 2583 1290 2658 abstulit
1314 2609 1390 2658 mo

279 2704 420 2803 ningitis
451 2703 658 2798 molestiora,
694 2702 741 2777 ob
776 2728 922 2804 pravam
957 2700 1130 2775 individui
1166 2701 1389 2776 constitutio·

279 2845 390 2917 uem3
413 2820 559 2894 historia
584 2819 699 2895 morbi
724 2847 789 2896 suo
814 2821 894 2896 loco
918 2819 1140 2894 indicabitur.

328 2937 496 3010 Peticubssr
520 2940 651 3038 passim
675 2932 945 3013 obvenientibus
971 2960 1076 3034 eum,
1104 2963 1211 3039 quem
1245 2961 1386 3010 meren.-

278 3066 365 3149 tur,
389 3051 546 3128 valorem
572 3052 742 3128 dedimus.
769 3053 896 3128 Nostra
921 3055 1093 3128 sententia
1121 3078 1259 3156 semper
1293 3055 1386 3126 aeci-

283 3170 425 3246 dentale
462 3173 500 3244 iu
535 3169 690 3246 febribus
727 3188 928 3274 symptoma
966 3174 1211 3269 constituunt,
1246 3185 1392 3272 excepta

281 3291 379 3366 febre
410 3291 562 3394 putrida.
597 3291 745 3367 Nullum
780 3319 938 3396 unquam
972 3293 1135 3368 adferunt
1170 3291 1395 3394 periculum,

280 3408 488 3515 nullamque
513 3412 710 3488 molestiam
734 3417 903 3516 pariuut3
932 3417 969 3490 in
1006 3411 1220 3518 quibusdam
1254 3413 1392 3492 casibus

280 3543 420 3604 tantum
445 3530 593 3631 periculi
610 3555 757 3631 augures
773 3533 843 3608 dici
860 3548 1023 3635 possunt,
1039 3547 1212 3635 quatenus
1227 3529 1393 3606 lubenter

278 3648 431 3748 septioae
470 3646 728 3749 colliquationis
763 3649 901 3748 soboles
943 3665 980 3726 et
1017 3651 1165 3726 oomites
1199 3671 1274 3723 esse
1309 3673 1396 3723 oon·

280 3781 454 3842 suescunt
479 3767 722 3844 occurrebant
746 3797 818 3846 non
843 3771 959 3847 solum
974 3771 1013 3846 in
1029 3769 1144 3873 typho
1169 3770 1394 3868 oorrtagioso,

278 3889 380 3983 cujus
405 3885 543 3983 somus,
575 3887 620 3962 ab
654 3913 750 3965 antro
784 3892 973 3991 praeterito
1009 3887 1196 3984 residuus,
1230 3885 1392 3961 noudum

280 4001 467 4080 videbatur
491 4007 689 4107 extinctus,
713 4009 776 4086 sed
801 4011 908 4086 etiam
932 4011 970 4086 iu
998 4031 1135 4086 summe
1169 4005 1330 4107 berrigrus
1355 4017 1392 4078 et
