3264 5194
1264 351 1332 433 103

222 478 235 564 (
251 472 469 573 Lypemania
486 478 516 572 ),
530 474 738 574 praesertim
754 472 928 572 feminae,
948 475 1152 556 societatem
1176 473 1336 576 lapaut,

221 589 325 688 flerrt,
348 605 517 692 gemunt,
532 593 625 666 inter
648 593 756 668 verba
773 593 971 696 desipiunt,
986 622 1028 669 ac
1044 596 1089 670 de
1111 594 1224 672 salute
1241 595 1334 698 phy·

221 709 309 805 deu,
326 725 388 782 aut
403 707 530 784 morali
546 708 795 811 desperantes,
818 711 967 788 suicidio
991 713 1212 786 miseriamm
1228 710 1337 787 finem

222 827 405 928 adtingere
428 853 503 902 non
527 824 729 904 abhorrent
758 828 815 903 Ad
844 829 983 904 huncce
1007 831 1162 904 insaniae
1190 829 1338 930 gradum

221 945 415 1048 perductos
439 941 653 1046 pellogrosoa
668 945 912 1024 lubentissime
928 947 1170 1022 submersione
1185 959 1339 1022 mortam

222 1069 292 1142 sibi
309 1068 517 1165 adsciscere,
531 1075 631 1171 cujus
648 1067 902 1145 observationis
919 1069 1026 1144 tidem
1037 1065 1230 1171 piaestavit
1245 1064 1338 1144 Clas.

222 1185 363 1260 Pennus
390 1186 571 1282 blosmrr,
594 1187 737 1287 propria
763 1187 975 1288 experientia
991 1211 1067 1262 non
1081 1183 1235 1262 vidimus
1251 1209 1338 1260 con-

223 1304 425 1399 firmatum,
448 1316 530 1377 utut
562 1305 705 1378 octenni
741 1305 909 1404 temporis
943 1301 1134 1380 intervallo
1167 1315 1336 1378 centenos

221 1417 396 1520 pellagrue
421 1443 523 1494 casus
547 1434 630 1518 ante
654 1419 776 1496 oculos
801 1419 1044 1504 habuerimus.

271 1536 380 1630 Quod
403 1537 450 1612 ad
472 1536 652 1637 Pellagrae
676 1563 799 1611 causas
812 1593 822 1634 ,
837 1538 1028 1638 originem,
1043 1551 1150 1640 atque
1165 1549 1332 1613 naturam

221 1653 377 1750 adtinet,
401 1653 677 1756 quamplurimas
701 1654 833 1729 medici
856 1669 1001 1732 tuentur
1024 1655 1225 1730 sententias.
1246 1652 1337 1727 Frut-

222 1797 324 1844 ronrr
348 1770 618 1868 insolationem,
641 1771 806 1846 Fauiano
832 1786 869 1846 et
899 1773 1058 1848 Minatur
1089 1772 1226 1847 victum
1255 1795 1338 1871 pra·

222 1911 330 1980 vum,
355 1899 392 1958 et
414 1887 597 1986 speciatim
621 1913 726 1961 usum
750 1887 970 1962 ordinarium
1005 1884 1174 1962 frumenti
1210 1885 1337 1964 turcici

228 2004 327 2096 (Zea
354 2003 496 2104 Mam),
520 2003 676 2078 Jarrussrr
700 2005 903 2104 contagium
927 2005 983 2076 sui
1014 2003 1177 2104 generis,
1213 2001 1337 2076 Taou-

222 2145 333 2194 rsrrsr.
357 2145 505 2220 pravam
529 2121 795 2223 atmospbaerae
819 2120 1044 2224 qualitatem,
1067 2121 1175 2194 Cesar
1199 2111 1338 2222 sp'eciti·

222 2263 301 2312 eam
327 2239 477 2314 climatis
502 2239 744 2318 conditionem
768 2241 986 2316 criminatur.
1007 2241 1170 2318 Onusam
1194 2265 1338 2316 causam

220 2358 420 2457 proximam
443 2357 562 2432 morbi
584 2359 623 2432 in
648 2359 827 2462 dyscrasia
851 2357 1070 2455 cambatico,
1098 2359 1277 2432 Srntusro
1299 2357 1339 2432 in

220 2472 522 2549 obstructionibus
558 2476 734 2554 viscerum
769 2473 1069 2573 abdominalium,
1092 2475 1277 2568 Wrosrrtrt
1299 2471 1339 2546 in

220 2592 391 2696 peculiari
406 2595 606 2695 systematis
623 2597 744 2672 nervei
760 2594 924 2693 adfectu,
947 2592 1247 2695 hyporboudriasi
1264 2613 1338 2668 non

220 2711 395 2812 absimili,
418 2713 493 2788 Jos.
523 2713 645 2788 Fatus
678 2715 718 2788 in
754 2712 905 2787 diatlresi
943 2711 1081 2812 leprosa
1106 2711 1256 2813 reponit.
1284 2748 1337 2768 -·

218 2829 342 2928 Longe
355 2827 523 2936 alienus,
546 2855 656 2931 quam
681 2845 722 2902 ut
745 2843 891 2903 cunctas
916 2827 1022 2901 hasce
1047 2827 1231 2926 opiniones
1255 2850 1338 2900 ana·

218 2945 350 3045 lyticae
367 2961 403 3018 et
419 2947 620 3048 epictiticae
635 2945 808 3047 subjicere
824 2944 1069 3046 perquisitioni
1081 2941 1170 3040 ,vel
1192 2967 1336 3017 omnem

220 3065 272 3135 eis
297 3065 454 3138 veritatis
479 3063 689 3164 particulam
714 3063 886 3163 abnegare
902 3059 1051 3160 vellem,
1066 3061 1104 3138 id
1124 3061 1336 3137 tamensim

220 3181 452 3258 haesitatione
476 3184 634 3286 prolerre
658 3183 794 3280 audeo,
828 3209 874 3257 ne
909 3207 1018 3257 unam
1052 3181 1198 3284 quidem
1220 3179 1337 3258 morbi

219 3302 339 3402 genesi
363 3300 613 3399 illustrandae,
637 3317 699 3376 aut
727 3300 936 3378 revelandae
965 3300 1148 3398 sufficere,
1176 3313 1214 3376 et
1242 3323 1334 3376 non-

219 3419 356 3518 nullas,
379 3422 432 3494 uti
457 3447 490 3495 v.
516 3447 546 3521 g.
572 3419 632 3494 illa
657 3420 702 3494 de
727 3422 889 3522 contagio
912 3419 1096 3522 specifico,
1117 3416 1164 3494 de
1185 3417 1335 3496 disthsd

217 3535 439 3632 acorbutica,
463 3563 606 3639 prorsus
631 3563 795 3612 erroneas
820 3563 905 3612 esse.

270 3656 483 3757 Quicunque
508 3655 698 3758 pellagram
723 3655 768 3729 ab
799 3657 904 3730 uuica
939 3667 1079 3742 tantum
1108 3679 1214 3730 causa
1239 3653 1334 3728 deri·

219 3799 303 3851 vare
326 3776 473 3873 satagit,
498 3789 534 3849 et
558 3773 702 3876 quidem
733 3801 753 3848 a
789 3775 871 3873 tali,
905 3800 996 3876 quae
1030 3773 1106 3848 aliis
1143 3775 1220 3876 pari
1258 3779 1334 3874 jure

219 3893 443 3994 competebat
479 3908 516 3968 et
550 3897 720 3998 competit
746 3893 963 3996 temporibus
998 3907 1036 3968 et
1059 3891 1166 3990 locis,
1196 3893 1249 3966 uti
1278 3917 1333 3966 es·

217 4024 298 4082 sent
323 4010 509 4109 insolatio,
534 4013 649 4086 victus
674 4039 825 4112 pravus,
849 4037 934 4084 usus
960 4011 1091 4084 sannae
1117 4013 1240 4113 Mays,
1262 4033 1335 4084 em-

217 4124 369 4227 phrases
387 4127 562 4200 viscerum
575 4127 871 4225 abdominalium,
884 4143 950 4204 stc.
969 4171 1018 4188 ι·-
1032 4125 1169 4202 nullam
1185 4125 1333 4200 reddere

124 4261 126 4266 ’
218 4241 351 4318 valebit
377 4245 573 4342 rationem,
598 4271 662 4319 cur
692 4246 816 4320 eadem
844 4245 921 4320 lues
952 4271 1026 4320 non
1056 4245 1163 4319 etiam
1192 4245 1232 4318 in
1256 4243 1333 4318 aliis

215 4359 419 4460 regionibus
436 4378 605 4438 occurset
618 4363 689 4458 Qui
702 4391 787 4440 vero
804 4367 1008 4468 specificam
1021 4366 1222 4465 contagium
1239 4363 1333 4460 (oul-

218 4473 456 4560 tnesaurum
484 4479 595 4559 solida
619 4481 831 4585 experientia
852 4481 1033 4588 evictum),
1055 4479 1113 4560 vel
1131 4479 1333 4586 specificam
