3252 5166
321 357 391 432 186

312 493 449 552 cottam
488 477 784 568 descendentem,
826 491 864 550 et
903 479 941 552 iu
987 480 1103 580 specie
1144 477 1190 553 od
1234 480 1422 554 cermlem

314 597 564 676 reserebantur.
1368 664 1373 676 .

362 719 395 792 E
419 717 563 818 singtilis
587 718 713 821 hujus,
736 731 773 796 et
796 718 1074 794 successirorum
1097 745 1270 794 annorum
1299 717 1420 794 ohser-

313 835 512 916 vationibus
550 837 588 910 in
623 862 736 910 unum
774 835 964 935 conlectis,
997 849 1203 936 sequentem
1237 835 1422 912 desumere

206 957 210 966 '
312 955 493 1056 potuimus
508 951 1027 1056 conewysnrctisubdominclzs
1036 952 1297 1056 hypotyposin,
1311 977 1421 1052 quern

312 1073 475 1174 practicis
499 1071 644 1146 medicis
678 1071 737 1146 rel
762 1071 850 1148 'ideo
887 1085 1068 1172 acceptam
1104 1069 1179 1144 iore
1213 1093 1420 1170 speremus,

312 1189 410 1291 quod
425 1191 657 1290 experientiae
673 1191 901 1264 intemeratae
916 1187 1171 1263 consectarium
1187 1189 1248 1282 sit,
1269 1201 1307 1260 et
1321 1185 1421 1286 quod

312 1309 487 1408 diagnosis
515 1309 554 1382 in
588 1307 683 1384 mulo
717 1308 806 1383 odeo
842 1308 1035 1406 ambiguo,
1068 1331 1110 1380 oc
1142 1330 1247 1406 snepe
1280 1305 1420 1404 saepius

311 1425 525 1502 clandestine
549 1426 725 1528 irrepente
749 1425 847 1508 houd
870 1425 1006 1500 levibus
1022 1436 1203 1526 prematur
1227 1420 1417 1502 difficulta-

312 1545 416 1620 tibus
442 1543 643 1648 Simplicem
667 1543 928 1626 observatorem
953 1557 1094 1643 ugentes
1116 1541 1175 1615 illc
1200 1555 1338 1615 tontum
1355 1539 1421 1614 od-

311 1663 532 1762 notavimus,
555 1688 646 1764 quoe
675 1662 851 1760 vidimus,
879 1661 1160 1762 monogruphiois
1189 1657 1421 1758 scriptoribus

311 1781 543 1882 relinquendo
567 1781 827 1888 congestionem
851 1779 1044 1854 alienorum
1068 1776 1369 1878 experienticrum.

359 1899 725 2000 Pathognomonicum
752 1911 955 2000 symptoma
988 1895 1134 2002 praebet
1162 1892 1315 1996 pulsatio
1344 1891 1420 1966 ior-

319 2013 385 2108 tis,
413 2027 450 2088 et
476 2014 667 2116 oequuhlis
691 2015 919 2116 (sphygme)
943 2015 981 2086 in
1009 2013 1151 2112 regione
1190 2011 1417 2112 epigusttico3

313 2127 524 2203 creberrima
548 2131 644 2210 enim
668 2131 922 2231 suevrysmotis
947 2129 1047 2206 sedes
1081 2142 1135 2204 est
1168 2153 1211 2203 eo
1235 2127 1331 2224 loci,
1356 2126 1419 2204 ubi

311 2261 410 2322 aortc
434 2273 455 2320 e
479 2247 750 2351 diaphragmatis
774 2247 945 2330 sommine
970 2250 1029 2324 vix
1056 2271 1193 2350 egressu
1227 2243 1420 2320 coeliacum

312 2366 476 2440 arteriam
510 2364 666 2445 dimittis,
703 2363 813 2440 liicce
850 2371 921 2470 iam
958 2381 1076 2442 nortae
1110 2367 1148 2448 in
1188 2376 1421 2466 superstrutas

311 2501 427 2588 partes
452 2487 630 2566 arietantis
653 2500 772 2563 motus
796 2514 869 2563 non
893 2487 1010 2564 solum
1033 2488 1079 2568 ob
1096 2513 1221 2589 aegro,
1235 2501 1272 2560 et
1290 2483 1420 2558 medici

312 2629 421 2677 manu
456 2604 598 2680 admota
631 2606 846 2707 percipitur,
882 2603 946 2683 sed
986 2607 1093 2680 etiam
1135 2605 1213 2680 visu
1252 2600 1418 2700 ffistingui

309 2736 435 2824 potest
461 2723 681 2824 Quandoque
705 2723 857 2826 pulsatio
881 2723 941 2798 illu
966 2723 1038 2798 fere
1062 2719 1288 2824 superficialis
1310 2719 1419 2820 adpa-

310 2853 386 2938 ret,
409 2842 458 2914 ita
482 2855 524 2915 ut
547 2841 705 2923 medicus
730 2841 895 2924 arteriam
919 2841 1110 2921 coeliacoru
1140 2841 1286 2942 potius,
1310 2861 1419 2940 quom

311 2971 448 3032 cortem
471 2959 728 3060 suspiceretur,
751 2965 852 3062 cujus
877 2959 1113 3061 phaenomeni
1129 2959 1218 3033 ratio
1233 2956 1317 3031 inde
1331 2981 1420 3057 pen-

312 3073 392 3173 det,
417 3076 516 3177 quod
539 3103 660 3153 saccus
685 3079 1004 3183 onevrysmoticus,
1027 3076 1210 3152 stomacho
1239 3075 1421 3168 deorsum,

313 3191 371 3280 vel
395 3195 442 3280 od
465 3195 646 3270 sinistrum
669 3195 761 3270 letus
784 3221 925 3298 presso,
949 3195 1088 3297 prelum
1112 3193 1335 3270 ebdomiuale
1350 3194 1419 3265 im·

311 3313 463 3395 mediate
487 3317 681 3416 pertinget,
705 3317 758 3396 uti
774 3312 985 3398 cadaverum
1002 3317 1173 3394 sectiones
1189 3339 1254 3388 nos
1271 3313 1420 3388 edocue-

312 3443 406 3504 runt
431 3433 474 3504 In
498 3432 582 3506 moli
607 3433 751 3509 exordio
785 3449 904 3514 motus
935 3433 1161 3535 sphygmiuus
1197 3431 1243 3505 od
1275 3427 1419 3506 umbili-

312 3571 418 3642 cum,
443 3547 500 3622 rel
524 3547 792 3650 hypogostrium
816 3577 928 3650 usque
952 3549 1193 3651 protenditur,
1216 3573 1259 3622 ac
1283 3557 1420 3620 certum

311 3663 357 3738 de
381 3664 465 3740 mali
489 3681 611 3742 centro
636 3668 806 3768 judicium
831 3693 905 3743 nou
929 3670 1110 3770 permittit.
1128 3670 1210 3762 Quo
1226 3667 1335 3764 magu
1352 3688 1419 3736 vo·

311 3785 446 3859 lumino
470 3788 596 3862 crescit
619 3789 728 3890 cystis
752 3790 1051 3890 onevrysmaticu,
1072 3813 1116 3866 ec
1140 3787 1249 3886 magis
1274 3787 1422 3858 circum·

312 3903 476 3979 scribitur
500 3904 622 4007 pulsus
647 3907 693 3982 od
717 3908 895 4008 regionem
925 3909 1167 4010 epigostricom
1197 3905 1324 4009 (quod
1350 3903 1420 3978 sre-

314 4021 584 4121 quentissimum
600 4028 632 4118 i,
673 4022 731 4098 vel
771 4023 819 4106 ad
858 4023 958 4100 illum
998 4025 1301 4126 qualemcunque,
1329 4045 1421 4124 quoe

316 4137 535 4214 delitescenti
569 4139 694 4215 subtus
725 4140 796 4219 lobi
828 4144 1087 4245 correspondet
1122 4141 1292 4237 Moleste,
1314 4165 1423 4242 quam

314 4256 407 4353 aegri
438 4255 521 4330 inde
558 4259 804 4359 experiuntur,
836 4261 1009 4356 eeucado,
1042 4260 1193 4334 mansue
1225 4256 1423 4333 intenditur

316 4385 397 4470 post
420 4386 580 4476 pastum,
604 4385 641 4448 et
664 4399 811 4477 corpore
836 4377 961 4478 supine
978 4375 1138 4454 cubante.
1155 4373 1288 4450 Geniis
1302 4385 1422 4449 motus

315 4487 439 4566 ecdem
472 4491 698 4596 proportione
741 4492 981 4598 elanguescit,
1021 4519 1091 4600 quo
1131 4492 1327 4572 intenditur
1362 4487 1423 4566 iile
