3228 5166
1246 413 1268 464 a

233 501 317 581 Non
341 503 467 610 ignore
491 501 657 606 equidem
693 525 787 581 uano
822 501 915 608 1578
944 505 1173 582 Maurarum
1196 411 1295 583 noel

182 649 329 723 concur,
352 639 390 700 ct
414 619 570 699 blancum
595 625 730 699 Ouuuu
753 625 792 698 iu
818 624 1000 701 Grnunsro
1020 627 1202 704 Perseum
1222 655 1296 704 me-

182 743 446 847 dico-practicis
483 741 675 846 praefuisse
709 743 926 844 disciplinis,
960 743 1069 846 idque
1110 747 1295 848 speciatim

181 862 341 938 officium
358 859 565 964 impositum
580 859 766 958 babuisse,
790 863 886 936 utin
903 859 938 936 N
938 863 1118 937 mosomio
1134 865 1168 937 S.
1184 863 1295 938 Frau-

183 981 270 1056 cisci
292 979 484 1082 discipulos
509 977 667 1083 quotidie
691 979 739 1054 ad
763 1003 949 1080 aegrorum
973 977 1123 1054 lectulos
1158 980 1296 1055 condu-

182 1112 328 1195 cerent,
352 1111 390 1172 et
413 1097 506 1172 circa
528 1095 737 1172 morborum
761 1095 953 1173 decursum
981 1111 1018 1171 et
1047 1098 1213 1174 medendi
1236 1127 1295 1173 ra·

184 1219 321 1292 tionem
335 1216 559 1290 instruerent
575 1215 691 1289 bumo
708 1220 779 1318 jam
796 1241 891 1290 anno
907 1214 999 1312 1543
1013 1230 1130 1292 certus
1147 1217 1294 1319 quidam

183 1336 264 1410 Jen.
289 1335 397 1409 Beer.
424 1336 642 1430 Moursuus,
665 1333 903 1432 Veronensis,
935 1333 1071 1411 clinicis
1097 1335 1297 1432 exercitiis,

184 1479 227 1528 ac
262 1449 460 1527 multonim
494 1450 749 1553 discipulorum
778 1451 976 1528 eruditione
1010 1465 1146 1527 tanturn
1171 1468 1296 1528 nactus

183 1583 239 1644 est
264 1567 423 1664 famam,
446 1581 489 1643 ut
521 1595 543 1642 a
577 1567 758 1643 nonnullis
794 1571 850 1644 sui
884 1569 1015 1644 saeculi
1048 1596 1140 1674 pene
1170 1596 1296 1645 oracu-

19 1770 22 1774 ,
183 1687 282 1784 lum,
305 1685 351 1760 ab
376 1683 454 1760 aliis
478 1685 654 1761 secundus
686 1685 842 1761 Galenus
871 1703 1066 1763 vocaretur.
1090 1689 1295 1764 -Itidem

185 1801 582 1902 constat,1ngulstadii,
605 1803 788 1878 occasione
811 1801 1178 1880 refonnationisillius
1194 1807 1296 1882 scho-

183 1919 263 2018 lae,
287 1945 381 1994 auno
404 1919 570 1995 videlicet
600 1918 721 2018 1562,
741 1919 927 1996 decretum
943 1920 1050 1996 suisse
1073 1939 1296 2019 emanatum,

185 2064 259 2142 quo
282 2037 478 2114 medicinae
512 2039 688 2140 practicae
723 2039 889 2139 Magister
923 2039 1100 2114 auditores
1135 2067 1218 2116 suos
1249 2041 1295 2116 ad

184 2181 370 2257 aegrorum
404 2154 514 2230 lectos
549 2154 748 2230 conducere
782 2155 1073 2256 obstringebatur.
1107 2159 1294 2260 Ejusmodi

184 2289 305 2348 autem
339 2273 427 2351 n'tus
452 2277 524 2374 jam
548 2272 696 2349 Saeculo
719 2271 800 2347 Vll.
824 2287 861 2348 et
896 2275 995 2348 VllL
1031 2270 1294 2376 Gandisaporae'

183 2407 222 2466 et
244 2391 401 2493 Bagdadi
425 2391 563 2492 riguit,
586 2405 801 2494 quapropter
824 2393 1098 2468 Couemsrrrus
1123 2393 1199 2466 sine
1220 2397 1296 2494 jure

185 2511 381 2614 Gymnasie
405 2511 578 2586 Patarico
601 2511 736 2613 primae
773 2508 915 2586 scholae
948 2507 1095 2586 elirucae
1124 2511 1294 2585 meritum

185 2629 339 2705 tribuere
364 2643 418 2704 est
442 2627 601 2703 adruinus.
1042 2651 1046 2654 ·

233 2749 395 2824 Primum
418 2748 625 2822 Institutum
649 2747 845 2845 Clinicum,
866 2749 973 2826 unice
998 2747 1186 2823 eruditioni
1219 2773 1297 2821 me-

184 2865 457 2968 dico-practicae
474 2863 728 2966 discipulonrm
744 2865 916 2962 dicatum,
933 2889 1027 2948 anno
1045 2863 1138 2938 1658
1151 2863 1297 2962 Lugdu-

185 2989 226 3059 ru‘
248 2985 467 3060 Butueomm
490 2981 651 3058 condidit
673 2983 886 3058 qucrscus
911 2983 1055 3055 varus
1075 3005 1120 3054 ur
1137 3004 1181 3053 ua
1197 2983 1296 3079 llos,

185 3103 249 3204 qui
271 3127 410 3178 summo
434 3101 551 3178 studio
575 3099 782 3176 morborum
806 3111 1044 3200 symptomata
1069 3097 1136 3170 rite
1171 3096 1295 3170 obser·

185 3223 325 3320 vande,
348 3249 466 3298 causas
491 3222 743 3325 expiscandas‚
765 3219 921 3295 remedia
944 3217 1229 3321 praescribenda,
1254 3231 1293 3290 et

185 3341 357 3417 cadavera
395 3339 602 3443 scrupulose
641 3337 802 3414 nmauda
839 3363 914 3412 esse
955 3336 1099 3434 docuit,
1140 3357 1294 3436 suasque

184 3445 448 3535 observationes
472 3459 579 3560 primi
604 3459 687 3532 anni
718 3455 917 3531 scholastici
947 3453 1015 3530 sub
1045 3455 1173 3552 titulo,
1208 3453 1297 3528 Col·

185 3579 313 3678 legium
327 3579 619 3677 Νοεοσοηιίοιιιη,
633 3579 731 3682 typis
746 3577 865 3653 edidit
883 3575 1136 3676 subsequentis
1154 3575 1298 3648 triennii

183 3701 426 3803 ephemerides
450 3699 606 3775 medieas
630 3683 685 3774 ab
699 3701 776 3801 ejus
801 3695 975 3797 discipulo
1005 3694 1185 3769 Joscnruo
1221 3695 1297 3768 Mr-

186 3843 289 3893 nnuo
324 3819 534 3920 accepimus.
559 3859 610 3876 -
634 3813 846 3890 Immortalis
875 3813 1120 3886 Bosuumvrus
1152 3835 1296 3912 praece·

184 3937 295 4038 pteris
320 3937 528 4011 memoriam
553 3935 691 4035 dignius
717 3931 893 4008 celebrare
922 3929 1156 4030 nequivisset,
1187 3951 1298 4029 pram

185 4061 252 4163 ipsi
277 4058 418 4134 scholae
443 4059 639 4161 practicae,
663 4061 764 4160 eujus
788 4051 941 4130 docendi
965 4075 1096 4124 munus
1121 4050 1214 4123 eirca
1238 4071 1299 4120 au·

49 4269 54 4278 ⁴
185 4204 274 4252 rrum
296 4176 390 4280 ¹7¹4
406 4176 584 4279 suscepit,
608 4179 779 4277 majorem
801 4167 1022 4247 conciliando
1039 4165 1298 4267 expolitionem

233 4297 365 4372 Leidne
403 4295 449 4372 ad
485 4293 687 4397 exemplum
723 4297 795 4396 jam
831 4313 925 4365 arrum
969 4309 1062 4389 ¹7²⁰
1104 4279 1301 4380 Ediuburge'
1432 4291 1435 4296 “

184 4413 343 4491 scholam
369 4413 533 4489 clinicam
557 4439 578 4487 a
601 4413 816 4486 Bosnuaavu
842 4401 1022 4505 discipulis
1045 4413 1200 4475 erectam
1217 4398 1301 4472 luis·

186 4561 246 4632 se,
272 4533 534 4614 Forucucusus
567 4544 736 4628 testatur,
771 4531 848 4630 ejus
883 4523 1014 4600 famam
1041 4519 1173 4598 summi
1204 4517 1301 4614 riri,
