3148 5170
324 291 570 480 dl²sutlaum
596 429 680 496 cum
704 401 779 476 aliis
814 399 1191 502 communicationem,
1224 421 1304 498 qua
1337 393 1386 469 de
1424 417 1473 464 re
1529 422 1530 435 ι

325 522 371 598 ad
396 549 501 596 onrrrc
526 550 585 624 gas
611 521 791 596 clasticnm
817 518 1040 594 educendum
1065 532 1120 593 tot
1140 517 1218 592 lieri
1242 513 1473 590 debuerant
1529 505 1533 645 3

325 655 541 741 puncturae,
566 653 653 742 quot
678 639 821 712 iuuerunt
846 636 1001 710 tumidae
1031 635 1239 738 portiones,
1271 632 1470 706 strictus-ie

325 761 477 834 invicem
509 773 698 860 separatae.
733 759 914 831 Disscctus
949 753 1056 830 tubus
1089 755 1274 828 entcricus
1315 775 1468 824 craesum

325 878 475 980 plurima
500 877 656 952 scatebat
679 876 782 950 sorde
812 873 1029 969 faeculenta,
1052 871 1237 975 pultacea,
1268 868 1467 944 tenactm‘-
1534 878 1540 955 'r

325 1019 404 1091 ma,
439 996 569 1095 grisea,
598 993 739 1095 argillae
774 1013 848 1070 non
883 989 1058 1086 absimili·
1091 989 1262 1064 intestina
1304 987 1466 1080 tenuia,

325 1127 463 1216 praeter
487 1124 620 1210 a'ercm,
644 1140 771 1214 parum
796 1111 1025 1188 continebant
1049 1109 1094 1185 dc
1118 1109 1270 1184 materie
1299 1109 1462 1210 pineus

326 1231 519 1308 so=biliosa
545 1233 587 1304 In
613 1257 701 1306 caro
720 1229 928 1306 'abdominis
963 1222 1091 1306 effusio
1123 1228 1220 1324 seri,
1257 1241 1465 1302 omentum

327 1376 348 1422 e
373 1369 439 1454 suo
463 1349 581 1451 positu
605 1363 797 1446 remotum,
820 1347 1036 1424 ventriculus
1053 1345 1125 1422 lere
1149 1371 1318 1443 racuus3
1346 1347 1462 1449 cystis

327 1461 427 1542 fellea
453 1465 555 1544 rude
580 1465 738 1570 turgidas
763 1465 896 1570 reliqua
921 1465 1056 1542 viscera
1080 1479 1121 1544 ut
1144 1464 1183 1540 in
1206 1464 1326 1540 sanis.

801 1719 972 1778 ttrtttttsts.

378 1931 461 2010 Duo
485 1939 688 2036 praesertim
714 1943 892 2011 momenta
917 1934 963 2010 ad
987 1935 1080 2036 aegri
1100 1956 1224 2009 necem
1251 1933 1455 2009 contulisse

333 2049 568 2148 arbitramur,
597 2049 867 2151 suffitutiouem
897 2059 1040 2154 utpote,
1074 2063 1179 2153 atque
1205 2073 1455 2152 gangram

336 2175 589 2246 intestinorum.
612 2171 772 2246 Priorem
808 2171 1033 2247 vindicamnt
1065 2171 1343 2273 phaenomena,
1368 2195 1456 2273 quse

336 2301 534 2362 extromum
558 2285 817 2361 comitabantur
841 2289 935 2362 ritae
959 2313 1130 2390 agonem,
1145 2313 1212 2363 uec
1236 2313 1318 2362 non
1344 2303 1456 2362 statru

336 2403 547 2506 pulmonum
572 2419 609 2478 ct
633 2403 904 2506 diaphragmatis
929 2408 968 2480 in
993 2405 1162 2482 cadavere
1186 2405 1457 2508 deprehensum

334 2520 482 2596 elteram
507 2519 617 2596 rubor
641 2535 677 2596 et
711 2521 802 2598 livor
835 2524 1031 2625 superficiei
1063 2526 1222 2599 intemae
1258 2527 1453 2599 intestino-

332 2659 434 2734 rum,
458 2652 495 2712 et
518 2639 663 2740 insignis
688 2638 773 2737 illa,
797 2665 887 2743 quae
912 2667 976 2742 per
1004 2655 1141 2744 septem
1169 2641 1244 2716 dies
1273 2644 1458 2744 perstitits

335 2757 509 2856 parietum
536 2756 714 2832 distensio.
739 2757 820 2859 Ipsa
845 2773 1066 2834 excrementa
1091 2759 1183 2834 intra
1199 2757 1333 2834 tubum
1356 2773 1458 2834 ente·

331 2877 448 2950 riuum
471 2875 666 2954 diutissime
691 2891 847 2973 retenta,
872 2891 978 2978 atque
1012 2903 1181 2977 magnum
1219 2883 1291 2980 jam
1327 2893 1458 2980 putre·

333 2995 426 3070 dinis
451 2994 772 3100 gradum'adepta,
795 2996 1039 3072 accedentibus
1067 2998 1248 3099 principiis
1282 2997 1460 3100 mephiti-

336 3117 387 3190 cis
411 3115 606 3190 necessario
630 3130 783 3219 systema
808 3137 997 3192 nervosum
1013 3115 1261 3218 pessumdare,
1277 3129 1316 3190 ct
1331 3117 1460 3190 uisum

335 3233 374 3308 in
398 3233 628 3336 liquationem
651 3239 856 3339 progignere
880 3236 1083 3312 debuerant
1101 3237 1281 3312 Hactenus
1297 3234 1345 3312 de
1366 3261 1461 3338 pro·

336 3353 430 3428 xima
455 3351 542 3426 lethi
568 3374 683 3428 causa.

384 3467 481 3561 Quid
505 3495 590 3544 vero
615 3471 732 3545 meam
756 3471 800 3546 dc
825 3468 991 3546 medendi
1015 3473 1151 3570 ratione
1168 3485 1363 3576 usurpata,
1390 3472 1453 3548 vel

335 3585 482 3661 forsitan
506 3587 731 3690 usurpanda?
752 3590 812 3662 An
835 3591 914 3691 quis
938 3605 1096 3666 nostram
1121 3591 1370 3666 criminaturus
1399 3603 1455 3665 est

335 3705 602 3806 negligentiam,
624 3711 867 3810 paracentesis
898 3711 1146 3785 intestinorum
1174 3709 1358 3785 omisisset
1392 3712 1453 3786 An

336 3823 478 3900 cuidam
514 3826 623 3924 magis
659 3828 854 3900 arrisissent
888 3829 1191 3926 vetraesectiones,
1227 3827 1355 3902 dilecta
1385 3829 1450 3902 illa

336 3969 358 4017 u
381 3939 543 4044 pluribus
567 3941 711 4017 medicis
736 3943 898 4020 hodierni
923 3949 999 4022 aevi
1035 3969 1210 4048 panacea,
1243 3945 1454 4048 ubicunque

336 4059 395 4136 vel
419 4058 544 4134 umbra
569 4059 772 4137 irritationis
797 4061 914 4138 adsit?
938 4065 1076 4159 —Qui
1102 4077 1235 4138 rectam
1258 4063 1452 4163 imaginem

336 4182 659 4284 metamorphoseos
682 4183 951 4286 patlrologicae,
981 4187 1170 4260 essentiam
1204 4183 1452 4286 tympanitidis

338 4299 605 4396 constituentis,
626 4325 711 4401 prae
735 4301 845 4377 oculis
870 4301 1000 4400 habet,
1034 4300 1196 4404 pmfecto
1219 4325 1287 4374 uec
1311 4325 1453 4398 unam,

337 4441 405 4491 nec
447 4415 596 4498 alteram
628 4417 869 4496 somniabitur.
904 4417 1149 4498 Pttebotomia
1191 4417 1237 4494 ad
1271 4441 1453 4497 summum
