3264 5194
234 467 405 570 cephalici
429 471 580 570 turgoris
605 468 752 571 gradum
763 499 780 566 ,·
796 491 903 570 quem
926 493 999 544 non
1024 389 1138 544 shlum
1162 470 1200 544 in
1224 349 1340 546 mirlri

232 587 460 688 primordiis,
482 587 546 664 sed
575 589 683 666 etiarn
710 587 756 662 ad
790 585 982 662 secundam
1016 585 1201 687 periodum
1231 613 1341 689 usque

231 719 437 806 porrectum
460 704 641 802 vidimus,
665 705 753 780 adeo
777 719 819 779 ut
847 703 1056 805 phrenitidis
1091 729 1210 778 casum
1240 731 1340 778 men-

232 825 292 898 tin'
317 821 418 896 facile
441 823 639 924 potuisset,
663 824 730 897 nisi
755 837 905 924 stupor,
928 848 1085 924 purpura
1109 821 1288 924 typhoea,
1307 837 1344 898 et

233 940 301 1014 alia
325 961 519 1042 processus,
533 942 724 1041 contagiosi
747 940 877 1016 indicia
908 941 1077 1016 continuo
1113 965 1199 1042 prae
1232 939 1343 1014 oculis

233 1058 391 1132 luissent,
414 1101 465 1116 —
487 1057 586 1133 Inter
612 1057 706 1160 2735
743 1071 961 1158 aegrotantes
991 1055 1107 1159 typho
1141 1059 1344 1158 contagioso

233 1175 409 1271 inlectos,
431 1175 494 1277 qui
517 1174 698 1276 praedicto
722 1201 816 1252 anno
846 1175 938 1278 1817
963 1176 1095 1278 purtim
1128 1175 1167 1248 in
1198 1175 1344 1252 Leimo-

233 1293 351 1367 comio
374 1293 409 1367 S.
432 1291 641 1392 Salvatoris,
655 1294 785 1394 partim
809 1293 848 1366 in
872 1291 1085 1368 Nosocomio
1109 1289 1247 1365 urbano
1267 1317 1345 1392 pcr-
1420 1305 1423 1315 ¹

233 1409 500 1508 tractabantur,
537 1409 611 1486 563
647 1425 844 1486 extremum
878 1409 1043 1486 obierunt
1077 1409 1183 1486 diem.
1219 1409 1344 1486 Plures
1424 1425 1427 1434 ’

232 1527 398 1628 equidem
425 1528 554 1637 medici
588 1526 828 1602 calamitosam
860 1525 955 1604 illius
990 1527 1148 1630 epochae
1181 1541 1345 1630 pestem,

231 1629 338 1732 aeriis
361 1646 400 1719 in
424 1643 511 1720 locis
535 1643 1069 1746 mannandeseripsemnr,
1096 1646 1152 1732 ,uti
1186 1645 1342 1719 Banasa-

232 1785 368 1858 uorrr,
390 1761 606 1858 Pruaazrnr,
628 1761 774 1859 Burrr,
796 1761 974 1858 Prnonnr,
998 1761 1120 1859 chcr,
1145 1761 1345 1855 Marrronr,
1404 1779 1408 1788 ’

232 1877 407 1974 Brancar,
443 1877 598 1975 Gnoso,
632 1878 769 1952 cunctis
802 1890 924 1952 tamen
957 1875 1112 1980 palmam
1144 1877 1343 1978 praeripuit

233 1995 455 2070 doctissimus
466 1995 628 2091 Orronrr,
639 2001 739 2097 cujus
756 2008 925 2070 tractatus
947 2029 964 2062 n
983 1995 1054 2069 Del
1063 2016 1215 2094 governo
1226 1995 1345 2096 politi-

225 2113 427 2188 co-medico
450 2113 510 2188 del
531 2109 661 2188 Marto
673 2109 895 2216 perecchate.
911 2110 1061 2187 Milano.
1084 2113 1188 2186 1822.
1204 2147 1222 2179 a
1244 2137 1345 2212 prae-

233 2231 378 2330 cipuum
402 2255 487 2304 sane
511 2232 605 2304 inter
627 2229 898 2332 loimographias
922 2227 989 2302 sihi
1012 2229 1171 2304 vindicat
1189 2228 1319 2304 locum.

281 2347 438 2422 Vacante
454 2347 581 2424 exedra
597 2347 947 2450 Ophthalmiatrices,
961 2343 1081 2448 plures
1092 2360 1212 2422 nostra
1223 2345 1344 2420 schola

230 2467 387 2567 recipere
411 2467 612 2540 curanmns
635 2459 836 2540 mortonem
860 2465 1058 2540 scalarium
1072 2487 1196 2561 casus,
1210 2487 1256 2537 ne
1272 2476 1344 2537 stu·

230 2582 329 2658 diosa
354 2587 518 2685 juventus
543 2581 728 2658 utilissima
751 2583 840 2680 ista,
855 2607 897 2657 ac
920 2582 1177 2684 pernecessaria
1201 2582 1343 2656 institu-

230 2702 336 2776 tionis
360 2699 692 2803 medicopracticae
716 2716 834 2802 sparta
858 2703 1065 2803 privaretur.

226 2892 235 2909 s
265 2817 534 2918 .Ephemerides
559 2817 702 2892 clinicus
726 2817 930 2919 singillatim
953 2818 1196 2920 prosecuturi,
1211 2814 1343 2920 uhique

224 2900 492 3008 k*ohservationes
531 2931 853 3033 meteorologicas,
891 2931 1057 3033 singulari
1097 2931 1342 3008 benevolentia
1506 3017 1511 3028 ¹

230 3051 402 3156 praeclari
433 3065 470 3128 et
493 3051 738 3127 humanissimi
772 3053 942 3156 Physices
976 3051 1208 3152 Professoris,
1230 3053 1340 3128 Parni
1414 3059 1421 3093 ²

230 3171 522 3268 Conrrorrrcrrrr,
558 3169 660 3246 nobis
702 3161 979 3246 communicatas
995 3225 1009 3271 ,
1024 3241 1026 3249 ,
1044 3171 1312 3280 praeposuimus
1330 3225 1341 3268 ,

199 3333 200 3338 =
229 3287 448 3364 Clinicorum
471 3288 673 3390 principum
697 3287 857 3390 exempla
890 3284 1072 3364 imitando.
1106 3285 1340 3363 Thermeme-

229 3419 351 3503 trum,
380 3404 426 3480 ad
456 3419 613 3480 mentem
644 3405 828 3480 Raauanru
867 3401 1067 3480 consectum
1084 3389 1114 3502 ,⁸
1127 3429 1267 3508 semper
1301 3407 1341 3480 in

228 3547 342 3624 opaco
365 3520 571 3598 adservatur
594 3521 683 3600 loco.
708 3521 814 3598 Scala
838 3519 1063 3598 hammaim
1088 3527 1184 3626 juxta
1200 3521 1340 3598 metlro·
1445 3597 1448 3606 λ

229 3641 317 3718 dum
341 3641 480 3717 Clariss.
504 3643 708 3718 Drurrrrca
732 3645 772 3718 in
795 3643 963 3746 pollices,
987 3643 1124 3740 lineas,
1147 3657 1184 3718 et
1215 3643 1339 3719 sexde-

229 3761 375 3833 cesimas
399 3757 512 3834 lineae
542 3773 660 3860 partes
691 3759 802 3836 divisa
833 3774 895 3834 est.
932 3759 1190 3834 Humiditatem
1223 3773 1339 3836 atmo-

72 3969 80 3986 .
228 3875 449 3976 sphaericam
473 3877 640 3952 metimur·
664 3901 732 3978 ope
756 3875 985 3977 Hygrumetrr'
1007 3873 1148 3952 Clariss.
1173 3875 1226 3950 Da
1243 3877 1340 3974 Luc,

228 3994 397 4066 nimirum
430 3992 581 4070 taerriola
619 3995 705 4070 ossis
745 3993 923 4092 balenae,
959 3995 996 4070 in
1033 4005 1177 4069 centum
1196 3989 1338 4108 ¹,gradus

229 4109 404 4188 distincta
792 4135 796 4142 '
