3228 5166
304 389 408 559 iioll.
433 483 585 578 Coroni,
610 473 658 556 Τ.“
682 477 804 577 Lino,
833 490 870 552 et
903 476 1027 552 Pmnro
1063 473 1149 551 fides
1178 439 1366 572 babendo,
1391 501 1412 549 a

303 601 429 676 Latris
453 599 639 700 Liguribus
663 598 852 672 aedificata.
869 595 1009 671 Nomen
1026 622 1046 668 a
1062 593 1241 670 lambente
1262 591 1409 669 flumine
1473 628 1477 634 ·

303 733 505 794 mutuatum
530 731 611 820 post
635 717 731 790 urbis
756 716 948 815 excidium,
963 715 1060 818 quod
1075 714 1121 789 ab
1139 715 1307 790 Oootcns
1320 715 1413 812 Rege

303 839 345 911 A.
371 839 441 940 472
468 863 569 912 aerae
594 835 802 910 christianae
819 861 921 936 passa
937 848 1013 930 est,
1030 847 1209 908 annuente
1233 832 1412 933 Episcopo

303 956 498 1028 Errruanro
523 978 607 1028 cum
630 951 692 1026 illo
717 951 851 1053 Papiae
874 967 1131 1027 commutatum
1149 949 1253 1025 fuisse
1274 948 1412 1051 legitur.

303 1075 435 1149 Utrum
459 1073 543 1147 inde
568 1071 726 1146 italicum
751 1071 885 1168 Paria,
910 1097 956 1144 an
991 1071 1073 1171 quia
1099 1069 1194 1145 Padi
1217 1073 1291 1165 vit,
1315 1069 1414 1142 deci-

304 1193 391 1268 dant
417 1191 619 1294 etymologi.
644 1189 798 1264 Celebris
829 1188 1010 1288 quondam
1041 1189 1176 1288 Regum
1209 1185 1411 1286 Langobar-

305 1313 383 1385 diae
409 1309 628 1411 Metropolis,
664 1307 860 1381 numerosis
895 1306 1011 1408 iisque
1044 1306 1220 1380 altissimis
1255 1305 1412 1380 turribus

304 1429 478 1532 superba,
501 1430 742 1503 Romanorum
766 1424 927 1526 exemplo
953 1425 999 1500 ad
1023 1424 1135 1501 solam
1159 1425 1350 1500 nobilitatis
1375 1435 1413 1498 o't

304 1545 532 1652 possessionis
558 1547 827 1622 ostentationem
857 1547 1042 1643 extructis,
1074 1542 1169 1619 uude
1186 1544 1320 1647 Papiae
1337 1559 1412 1618 mr*-

304 1671 391 1740 n'toc
432 1663 679 1764 compellatio,
712 1662 950 1737 inordinatam
984 1661 1089 1737 hodie
1127 1661 1233 1736 offert
1268 1662 1411 1735 aedium

305 1795 459 1876 stnrem,
483 1779 643 1881 plurimis
668 1778 788 1852 Italiae
812 1779 958 1852 urbibus
984 1776 1085 1852 facile
1110 1779 1328 1875 inferiorem,
1343 1781 1410 1852 nisi

306 1914 466 1974 veterum
483 1915 794 1973 monumentorum
807 1901 928 2000 copia,
944 1888 1285 2000 atque'oelebenimi
1302 1899 1411 1974 athe-

305 2017 384 2089 naei
409 2015 580 2117 splendor.
599 2015 788 2117 elegantiae
812 2018 996 2117 penuriam
1022 2018 1214 2091 resarciret.

354 2133 473 2208 Posito
499 2147 552 2206 est
575 2133 659 2207 urbs
684 2133 730 2207 ad
754 2134 901 2234 gradum
927 2133 1003 2227 db?
1033 2137 1094 2208 10.'
1118 2133 1192 2237 475¹
1215 2134 1411 2210 latitudinis

304 2249 475 2349 borealis,
499 2265 536 2324 et
559 2251 605 2324 ad
637 2249 710 2345 dal'
734 2251 962 2352 longitudinis
992 2252 1217 2327 occidentalis
1247 2253 1413 2330 ohserva-

305 2371 387 2444 lorii
411 2365 638 2443 astronomici
663 2367 952 2467 Mediolanensis,
968 2369 1076 2471 pedes
1092 2371 1264 2472 parisinos
1288 2369 1362 2465 264
1375 2385 1414 2446 et

304 2485 416 2559 lineas
442 2486 489 2579 4ο
515 2513 621 2586 supra
649 2485 805 2559 libellam
833 2489 993 2586 aequoris
1024 2488 1130 2560 maris
1166 2486 1310 2564 elevata.
1334 2489 1412 2564 Hu-

307 2597 444 2676 miliora
470 2601 566 2675 urbis
591 2602 668 2698 loca
693 2603 739 2676 ad
763 2603 950 2678 australem
975 2603 1057 2679 clivi
1080 2604 1209 2706 pedem
1225 2606 1307 2705 sita,
1323 2631 1413 2709 quo·

286 2745 388 2794 rum
412 2721 615 2822 angiportus
650 2720 803 2822 plurima
839 2735 975 2795 scatent
1009 2721 1136 2820 sorde,
1160 2737 1197 2796 et
1224 2723 1414 2826 Aquilonu-

304 2840 399 2914 rium
440 2838 581 2913 flamina
623 2839 842 2940 excludunt,
882 2841 986 2914 saluti
1026 2841 1263 2917 habitantium
1301 2845 1412 2946 magis

305 2957 537 3056 insidiantur,
572 2985 680 3062 quam
714 2987 795 3062 pars
830 2962 989 3062 superior
1030 2974 1067 3035 et
1104 2961 1414 3063 septentrionalis,

304 3085 406 3182 cujus
430 3079 614 3154 salubritas
640 3087 710 3182 jam
735 3083 926 3182 antiquitus
953 3079 1041 3160 adeo
1058 3081 1242 3156 decantata
1259 3095 1357 3180 crat,
1372 3098 1414 3158 ut

158 3267 169 3287 ,
305 3199 488 3274 aerbficato
511 3199 645 3272 ibidem
669 3200 706 3271 in
731 3200 902 3274 lronorcm
929 3201 961 3274 S.
986 3201 1082 3274 Petn'
1108 3203 1322 3279 Monastcrio
1346 3229 1414 3279 no·

168 3397 179 3422 ι
305 3336 389 3390 men
416 3313 515 3387 Coeli
537 3317 636 3406 azimi
657 3317 876 3416 impertitum
901 3317 1031 3392 suisset

355 3431 399 3503 In
423 3429 574 3503 taxanda
599 3431 687 3505 coeli
713 3447 748 3505 et
772 3432 921 3507 climatis
938 3435 1161 3534 salubritate,
1176 3435 1235 3511 vel
1251 3436 1413 3514 morbido

305 3545 376 3621 loci
399 3554 639 3651 cujuscunque
664 3551 804 3651 ingenio
820 3554 1050 3653 stabiliendo,
1066 3559 1293 3660 praecipuam
1314 3561 1414 3636 ussti-

304 3669 498 3744 mationem
527 3669 594 3768 sibi
629 3670 786 3771 postulat
816 3682 878 3746 adr
904 3675 1211 3778 atnwsplzaerieus.
1240 3683 1297 3756 Ex
1332 3683 1413 3755 uni·

180 3849 185 3859 .
306 3787 432 3864 versali
455 3788 565 3864 hocce
590 3791 683 3866 vitae
709 3791 826 3890 fonte,
851 3819 871 3866 e
895 3821 968 3895 quo
992 3822 1099 3873 tremo
1116 3827 1189 3875 non
1205 3815 1329 3904 potare
1352 3823 1414 3874 co·

305 3909 421 4008 gitur,
456 3908 639 4012 plerasque
674 3911 831 3987 derivare
867 3915 1120 4015 aegritudines,
1154 3947 1244 4020 qnae
1279 3919 1413 3994 multos

304 4027 466 4103 homines
491 4027 616 4102 eodem
652 4045 809 4132 tempore
845 4033 1029 4134 adficient,
1063 4041 1221 4114 unanimi
1253 4038 1413 4142 explora·

305 4161 384 4223 tum
408 4163 461 4222 est
494 4147 712 4222 medicorum
744 4177 925 4228 consensu.
957 4151 1169 4231 Reducimus
1204 4171 1324 4234 eutem
1347 4181 1414 4262 ρο·

305 4268 410 4343 tlores
435 4263 531 4343 aeris⁴
546 4267 730 4370 qualitates
755 4270 801 4344 ad
825 4277 942 4345 emon
951 4325 966 4362 ,
995 4275 1139 4349 adorem
1148 4330 1163 4366 ,
1194 4281 1415 4379 temperiem,

300 4385 444 4485 potuim
453 4439 467 4474 ,
483 4383 735 4460 electricitotcm
742 4440 756 4477 ,
774 4401 878 4489 atque
899 4401 1077 4465 ventorum
1099 4393 1288 4494 imperium
1302 4448 1313 4490 ,
1328 4416 1416 4494 quon

305 4527 385 4579 rum
410 4507 569 4580 omnium
594 4511 706 4609 major
730 4509 890 4585 minorve
922 4510 1069 4612 gradus,
1103 4515 1317 4614 constantia,
1351 4525 1415 4590 aut
