3158 6116
1300 269 1371 348 225

116 399 119 464 Ι
301 387 526 461 Constitutio
549 385 821 468 inflammatoris
852 390 975 491 primis
1007 393 1083 491 jam
1107 387 1213 492 buius
1244 375 1411 466 mensis

116 519 118 564 ι
247 503 385 578 diebus
409 529 483 578 non
507 503 623 578 solnm
639 505 683 580 de
699 533 763 580 sua
779 507 1002 584 vehementia
1017 505 1211 608 plurimum
1236 510 1375 605 amisit,

116 635 120 682 ¹
252 626 326 700 sed
351 651 481 702 noram
513 653 655 732 quoque
690 630 864 703 contraxit
897 628 1206 704 modificationem
1242 567 1382 730 buigni

116 757 118 800 ι
248 758 384 844 utpote
426 743 624 846 frequentia
657 744 939 820 intercurrebant
979 741 1220 820 resumens
1252 751 1375 834 ασιιιί,
1437 789 1441 798 -

116 875 118 910 ’
252 881 415 962 quorum
441 889 461 938 e
486 861 625 938 duobus
650 863 830 938 mensibus
860 865 1092 966 paucissima,
1128 887 1240 966 eaque
1276 887 1373 940 mere

251 978 444 1078 sporadioa
479 978 691 1082 exemplaria
726 979 1014 1056 observabantur.
1052 977 1223 1056 Nonnulli
1269 981 1375 1058 lixam

116 1119 117 1150 ι
251 1103 297 1168 r'n
316 1097 450 1196 pleun‘s
458 1151 473 1189 ,
498 1098 552 1172 uel
564 1099 733 1178 musculis
749 1095 1027 1178 immortalibus
1043 1097 1164 1179 sedem
1184 1097 1376 1194 tenebam,
1395 1139 1414 1183 μ

251 1213 318 1285 alii
356 1238 424 1314 per
461 1229 604 1289 artuum
639 1217 818 1296 mmcnlos
860 1216 1085 1316 vagabantur.
1121 1215 1273 1292 Febrem
1306 1213 1373 1302 sibi

252 1335 426 1411 comitem
451 1333 649 1430 habebunt,
673 1363 764 1437 quae
780 1335 838 1412 vel
861 1335 1010 1436 simplex
1036 1325 1252 1410 rhemense
1278 1350 1373 1431 eret,

118 1530 123 1552 Ι
252 1449 317 1526 vel
339 1450 798 1544 araneoso-mensuatim,
822 1455 859 1528 in
885 1455 1031 1553 gratim
1057 1467 1372 1556 contemporaneus

251 1571 461 1646 irritationis
477 1572 513 1645 in
531 1571 738 1646 velamentis
763 1572 917 1646 mucosis
941 1569 1218 1666 broncbiorum,
1232 1569 1369 1672 pulmo·

253 1715 366 1784 num,
397 1703 460 1764 eut
490 1691 746 1764 intestinorum.
782 1689 968 1774 Rationem
1003 1689 1230 1790 praecipuam
1265 1687 1371 1786 hujus

251 1809 517 1882 constitutionis
542 1807 780 1882 rheumaticae
804 1807 1084 1902 intercurrentis,
1101 1819 1240 1907 praeter
1256 1803 1373 1878 bunne

252 1927 425 2022 ditarem,
447 1927 487 2000 in
511 1925 643 2028 rapidis
674 1925 973 2000 vicissitudinibus
997 1923 1234 1998 electricitatis
1261 1936 1372 1996 auno·

252 2042 458 2142 sphaericae
484 2069 651 2145 quaerere
676 2069 749 2118 non
773 2041 968 2145 displicuit,
992 2043 1080 2117 haec
1105 2043 1202 2126 eninr
1227 2042 1266 2116 iu
1290 2067 1369 2142 gra-

134 2151 138 2160 ’
255 2164 342 2236 uam
387 2161 617 2238 redundantis
664 2162 924 2264 evaporationis
976 2162 1172 2262 insignem
1199 2161 1370 2236 tunsionis

251 2278 402 2376 gradum
428 2295 481 2354 est
506 2279 642 2381 adepta.
669 2280 854 2354 Manifesta
879 2279 982 2354 hoc
973 2283 1104 2384 nituitu
1131 2279 1294 2383 adparuit
1310 2303 1369 2360 an-

253 2396 424 2470 tithesis
415 2411 508 2470 mter
532 2397 764 2528 epidemicem
788 2379 1078 2479 constitutionem
1094 2395 1200 2550 hujus
1217 2398 1369 2494 mensis,

252 2511 423 2615 illamque
448 2515 577 2587 mensis
604 2515 731 2588 Martii.

303 2630 384 2704 Jam
408 2630 478 2709 alio
502 2630 582 2706 loco
605 2632 831 2728 monuimus,
859 2633 952 2712 inter
977 2603 1151 2706 dietlresin
1184 2629 1367 2716 catarrho

255 2773 332 2826 sem
367 2764 403 2822 et
437 2749 692 2826 rheumatioam
729 2775 803 2824 non
838 2748 953 2824 solum
989 2749 1107 2852 quoad
1144 2748 1296 2832 formam
1331 2763 1368 2837 et

254 2865 472 2941 substratum
494 2867 631 2963 morbi,
655 2868 717 2941 sed
744 2869 849 2942 etiam
875 2867 994 2969 quoad
1018 2880 1150 2964 statum
1174 2868 1265 2942 cutis
1289 2891 1365 2948 naa·

253 2987 415 3062 nittsum
441 2987 582 3062 subesse
619 2989 829 3085 antithesin,
858 2987 953 3063 unde
988 2987 1200 3064 concludere
1226 2987 1283 3066 fes
1312 3001 1368 3064 est

252 3107 365 3207 ipsam
381 3107 522 3206 genesin
533 3105 773 3181 differentibus
791 3105 994 3206 contingere
1011 3105 1142 3200 modis,
1156 3104 1240 3184 licet
1253 3129 1361 3180 censa

254 3220 430 3318 efficiens,
459 3222 698 3325 refrigeratio,
728 3223 854 3299 saltem
888 3223 934 3298 ad
969 3223 1123 3326 speciem
1154 3222 1279 3300 eadem
1309 3222 1365 3298 sit

253 3339 360 3431 Quod
383 3341 535 3416 eetdnbi
564 3342 863 3416 constructionem
888 3341 1043 3437 adtinet,
1071 3341 1270 3418 communis
1299 3365 1363 3443 pa·

253 3453 475 3556 thologorum
499 3483 575 3532 esse
598 3457 688 3533 solet
711 3459 906 3555 sententia,
931 3485 951 3532 e
976 3485 1162 3560 suppressa
1187 3459 1362 3563 perspira-

252 3575 346 3648 tione
371 3575 461 3648 cutis
485 3577 634 3650 viennen
656 3577 695 3650 in
722 3576 937 3652 membranis
961 3579 1116 3652 mucosis
1145 3579 1363 3674 reactiones,

252 3689 552 3792 indequestatum
572 3693 791 3790 irritationis,
808 3707 870 3768 aut
883 3719 990 3768 verse
1007 3693 1217 3796 phlogoseos
1234 3697 1361 3771 enasci.
1407 3723 1409 3728 ·

250 3807 391 3882 Hancoe
416 3811 643 3909 rrosogeniam
665 3811 850 3886 coinfirmet
875 3813 1018 3886 ariditas
1035 3813 1126 3886 cutis
1151 3815 1190 3886 in
1208 3810 1363 3890 febribus

250 3927 458 4002 caterrlrosis
494 3927 569 4002 sere
604 3953 743 4028 semper
780 3929 906 4024 obvia,
942 3945 1047 4032 enpue
1080 3931 1237 4030 insigne,
1267 3929 1365 4036 quod

250 4048 471 4148 transpiratio
513 4047 560 4127 ad
593 4049 784 4152 pristinum
826 4052 985 4155 restituta
1023 4063 1060 4124 et
1094 4049 1241 4124 sudores
1262 4047 1364 4122 'ube-

250 4162 317 4236 rius
343 4163 449 4239 eliciti
480 4166 698 4268 producunt‚
724 4165 894 4242 levamen.
920 4169 963 4242 In
988 4168 1215 4242 rlreunnticis
1240 4179 1364 4242 contra

248 4281 398 4356 febribus
424 4311 499 4360 rem
524 4285 626 4386 longe
652 4287 753 4361 aliter
778 4315 815 4360 se
841 4287 987 4385 hebere,
1015 4290 1256 4391 unusquisque
1279 4279 1363 4366 con·

250 4400 338 4475 vinci
363 4405 513 4499 poterit,
539 4407 599 4504 qui
626 4405 681 4478 vol
718 4405 958 4508 perfunctorie
995 4407 1234 4482 seruditionem
1271 4409 1361 4482 cutis

296 4519 483 4594 Hnoesnn.
510 4525 607 4599 ‚Auru
636 4526 727 4600 Clin.
754 4526 787 4600 I.
1119 4525 1160 4599 15
