3264 5194
1216 399 1282 475 ¹7¹²

177 492 361 566 unciarum
384 517 446 566 rex
470 491 699 588 confectum,
723 477 884 594 quotidie
910 491 1189 570 comumendum
1223 493 1292 568 de-

178 613 306 686 dimus.
342 611 485 686 Obortis
522 626 618 688 seru
652 611 711 684 dle
745 613 852 712 siguis
886 614 1084 687 narcoticae
1116 613 1290 708 actionis,

177 729 442 805 obnubilatione
458 730 571 825 visus,
593 750 724 804 nausea
741 744 777 804 et
792 729 960 830 pulsuum
976 729 1121 803 tardiori
1136 731 1290 826 miratu,

177 849 222 924 ab
247 843 405 923 ulteriori
429 875 496 923 usu
520 845 640 922 desisti
660 849 839 950 ‘jussimus
862 849 1057 948 Postquam
1070 848 1291 922 transitoriae
1325 881 1328 888 ¹

176 965 259 1039 illae
284 965 408 1040 turbae
431 966 572 1066 penitus
597 967 866 1062 conticuerunt,
895 964 1050 1040 morbus
1078 991 1164 1040 vero
1196 964 1289 1039 desi-

179 1083 343 1156 deratum
367 1079 530 1155 nondum
554 1079 684 1156 obtulit
709 1081 1001 1180 decrementum,
1033 1079 1188 1154 mcunda
1211 1077 1292 1156 rice

177 1199 357 1300 digitalem
379 1199 568 1302 periclitari
593 1201 835 1298 decrevimus,
850 1203 985 1276 semina
1009 1201 1192 1277 Fueniculi
1218 1225 1290 1274 una

178 1317 428 1412 infundendo,
462 1343 534 1418 quo
568 1317 748 1393 connubio
780 1337 886 1392 usum
920 1319 1052 1394 diutius
1085 1311 1292 1420 protrahere

176 1460 280 1536 posse
296 1435 524 1535 speravimus.
541 1435 746 1536 Suspirandi
763 1437 950 1510 necessitas
966 1435 1080 1511 indies
1096 1458 1292 1534 rarescens,
1339 1479 1343 1486 w

178 1567 296 1626 motus
322 1552 439 1627 cordis
463 1553 685 1653 pacatiores,
707 1551 829 1654 illique
857 1554 1064 1628 arteriarum
1093 1555 1203 1654 magis
1233 1579 1290 1628 re-

178 1669 342 1770 gulares,
366 1672 482 1745 omnis
513 1668 705 1746 febriculae
738 1667 923 1768 absentia,
955 1673 1068 1746 orem
1102 1672 1291 1768 restituta,

177 1816 219 1864 ac
243 1812 366 1864 sensus
390 1789 582 1889 eupboriae
598 1787 783 1891 generalis,
799 1793 973 1892 egregiam
988 1791 1169 1893 pharmaci
1185 1789 1289 1868 electi

177 1910 345 1984 virtutem
370 1902 615 2007 vindicarunt,
639 1907 863 2009 faustumque
887 1907 1062 1984 dederunt
1085 1927 1191 1982 omen
1210 1933 1291 2008 pro-
1329 1947 1331 1952 ·

177 2029 292 2104 ximae
316 2026 466 2126 salutis,
484 2048 600 2132 xquarn
622 2049 745 2104 revera
769 2027 899 2102 mensis
922 2027 1109 2104 intervallo
1131 2041 1291 2104 secutam

179 2144 406 2220 laetabamur.
453 2237 456 2244 Ι

230 2263 519 2366 Quotiescunque
543 2265 582 2340 in
606 2258 739 2341 morbis
755 2265 930 2367 pectoris,
944 2271 1021 2338 tam
1036 2255 1162 2360 acutis,
1177 2285 1287 2364 qnam

176 2385 382 2486 praesertim
406 2381 581 2459 chronicis
611 2383 761 2459 dubium
795 2383 995 2480 enascitur,
1028 2407 1075 2456 an
1107 2379 1287 2483 pulmoni·

175 2501 263 2600 bus,
287 2528 334 2578 an
358 2525 444 2580 vero
467 2502 680 2606 praecordiis
709 2497 861 2578 insideat
894 2501 1012 2599 labes,
1045 2500 1284 2603 respirationis

177 2619 328 2718 modus,
362 2635 399 2695 et
431 2622 583 2696 maxime
616 2621 767 2722 suspiria
801 2621 998 2722 quaestioni
1029 2617 1126 2692 haud
1159 2639 1287 2717 parum

176 2735 265 2810 lucis
291 2737 483 2812 foenerant.
507 2776 559 2798 --
583 2739 619 2810 Si
636 2737 822 2838 pulmones
839 2738 1007 2835 sanguine
1028 2734 1162 2830 obruti,
1178 2733 1290 2808 aliave

177 2855 313 2928 ratione
336 2851 500 2951 infarcti,
523 2852 582 2928 rel
606 2853 651 2928 ab
677 2847 790 2928 ell'uso
805 2854 844 2926 in
861 2873 990 2926 cavum
1013 2851 1166 2952 pectoris
1181 2848 1295 2922 latice.

177 2968 368 3073 compressi
385 2985 483 3068 sunt,
499 2965 658 3046 dilatatio
678 2985 716 3046 et
734 2969 936 3072 explicatio,
952 2991 1043 3070 qrrue
1059 2966 1105 3041 ab
1127 2965 1295 3041 adtracto-

177 3101 257 3164 asre
274 3091 333 3185 fit,
348 3090 489 3166 nonnisi
506 3087 719 3189 incompleta
746 3089 839 3185 erit,
864 3111 980 3188 neque
1005 3098 1168 3187 optatum
1183 3081 1295 3178 istud,

177 3205 276 3308 quod
299 3207 391 3306 aegri
417 3219 551 3280 tentata
574 3202 796 3308 profundiori
821 3205 1032 3307 aspiratione
1068 3227 1192 3304 parare
1222 3197 1289 3274 sibi

78 3371 80 3378 ·
177 3323 345 3422 student,
380 3323 546 3400 solatium
581 3324 753 3422 adferret,
776 3366 828 3384 -
857 3323 1024 3402 solatium
1054 3323 1162 3398 etiam
1196 3323 1292 3394 sanis

177 3439 382 3516 hominibus
406 3463 549 3539 carum,
572 3439 635 3516 ubi
659 3441 808 3543 longiori
833 3439 1019 3518 intervallo
1042 3439 1228 3542 pulmones
1244 3437 1292 3514 ad

177 3563 375 3635 satietatem
416 3559 540 3636 inflare
580 3587 655 3638 uon
685 3560 794 3636 licuit
819 3604 870 3620 -·
906 3561 950 3634 In
991 3557 1294 3662 praecordialibus

177 3693 301 3753 contra
326 3676 555 3775 adfectubus,
583 3679 733 3756 molesta
765 3679 919 3755 sensatio
952 3677 1113 3779 angoris,
1142 3702 1289 3778 oppres·

176 3797 284 3870 sionis
309 3809 346 3869 et
369 3795 599 3897 plenitudinis
624 3824 665 3872 ea
689 3794 826 3874 ratione
849 3795 997 3894 lenitur,
1012 3821 1082 3898 qua
1103 3794 1289 3896 pulmones

177 3923 258 3988 atre
282 3913 417 4012 inflati,
454 3940 496 3990 ac
531 3915 642 3992 veluti
679 3917 826 3990 saturati
861 3919 1033 4017 majorem
1067 3913 1290 4013 sanguinius

177 4031 284 4108 corde
319 4032 443 4111 dextro
477 4033 652 4136 recipiunt
688 4035 864 4135 copiam,v
884 4057 1037 4133 namque
1071 4054 1144 4104 uon
1173 4027 1291 4102 solum

177 4152 362 4252 languidus
387 4153 553 4228 circuitus
584 4155 790 4257 expeditur,
827 4167 864 4228 et
899 4149 1048 4228 molesta
1082 4173 1173 4248 quae
1207 4144 1290 4220 inde

176 4271 344 4368 scaturit,
368 4272 731 4347 arrxietatissensatio
767 4269 985 4371 dissipatur,
1021 4291 1147 4340 verum
1180 4263 1290 4336 etiam

176 4404 422 4466 murnentanus
447 4391 606 4490 sequitur
631 4387 839 4465 refocillatio
869 4387 908 4462 in
937 4383 1084 4486 gratiam
1112 4380 1290 4479 sauguinis

177 4509 321 4607 venosi,
345 4537 409 4612 per
445 4511 534 4588 aeris
569 4508 711 4587 uberius
746 4506 890 4616 aspirati
926 4501 1117 4603 intusum,
1140 4497 1291 4606 depblo-
