3228 5166
336 366 380 437 ru

328 485 483 562 literatos
508 480 675 583 Bagdado
700 482 864 580 degentes
895 483 1165 556 numeraverint.
1197 479 1437 558 hlmridceutia

326 602 620 698 Abbassidarum,
643 613 680 674 et
704 595 1010 674 Almcravidarum
1035 597 1250 699 Calisarum,
1278 601 1340 702 qui
1364 599 1438 700 glo-

325 721 398 794 riae
426 719 494 794 sibi
531 719 742 813 duxerunt,
775 714 886 790 bonas
921 711 1091 816 adjuvare
1126 731 1243 817 artes,
1276 731 1437 792 extructa

324 841 423 914 fuere
447 838 657 948 Nosocumia
682 849 719 910 et
743 833 884 936 publica
909 834 1218 938 Pharmacopolia,
1252 851 1294 912 ut
1327 837 1437 912 medi·

323 959 423 1032 cinae
446 955 604 1060 studium
628 968 728 1029 tauto
744 952 956 1028 luculentius
978 969 1255 1054 promoveretur.
1281 954 1432 1031 Saeculo

323 1076 370 1148 X.
395 1075 488 1150 hanc
512 1072 761 1168 Academiam,
785 1075 885 1173 cujus
906 1072 1046 1146 ruinam
1067 1072 1298 1148 minitabatur
1321 1075 1435 1150 indias

322 1219 482 1268 crescens
519 1189 720 1264 scholarum
756 1187 1026 1262 israeliticarum
1055 1213 1244 1284 numerus,
1279 1216 1435 1266 unacum

323 1311 479 1412 Collegio
513 1310 652 1386 medico
689 1309 807 1386 denuo
830 1309 1040 1384 instauravit
1064 1308 1175 1382 califa
1203 1309 1435 1407 Mosrssssa,
1513 1305 1518 1314 “

321 1455 470 1532 eamque
494 1429 620 1528 insigni
644 1426 817 1502 librorum
841 1426 1027 1524 thesauro,
1055 1452 1151 1502 novo
1181 1427 1435 1530 pharmacopo-

321 1545 391 1643 lio,
423 1571 465 1619 ac
500 1542 662 1647 pluribus
699 1542 986 1646 praeceptoribus
1017 1569 1184 1643 generosa
1224 1543 1435 1628 tuentium,

321 1663 461 1738 donatis
484 1661 723 1766 locupletavit.
739 1663 863 1762 Ipsum
886 1661 1102 1761 Principem,
1123 1663 1349 1737 scientiarum
1370 1691 1433 1738 cu·

321 1781 565 1882 pidissimum,
589 1777 883 1884 praelectionibus
896 1779 1045 1854 medicis
1058 1779 1132 1854 lere
1148 1779 1306 1882 quotidie
1327 1782 1433 1856 inter·

320 1901 429 1975 fuisse
453 1913 601 1976 constat

369 2017 582 2094 Prudierunt
605 2045 626 2093 e
650 2015 777 2093 Schola
801 2015 1041 2118 Bagdadensi,
1064 2029 1204 2118 praeter
1220 2015 1307 2092 alios
1333 2041 1432 2092 com·

320 2135 457 2239 plures,
480 2137 617 2212 Runa
642 2138 711 2230 (A.
728 2135 802 2238 923
820 2135 869 2236 ᾧ
885 2142 899 2230 )
915 2151 1021 2236 atque
1037 2137 1216 2212 Avrcemra
1237 2136 1299 2230 (A
1316 2143 1433 2237 990),

318 2253 477 2329 Arabum
504 2253 732 2330 medicorum
753 2253 854 2327 facile
882 2254 1077 2357 principes,
1107 2254 1170 2356 qui
1200 2279 1322 2330 aureas
1350 2281 1431 2330 suas

318 2371 580 2448 observationes
604 2375 643 2447 in
668 2371 881 2450 Nosocomio
897 2371 1058 2475 ejusdem
1073 2371 1170 2448 urbis
1192 2372 1409 2474 collegerunt
1420 2427 1432 2474 ,

319 2505 356 2565 et
380 2516 533 2592 quorum
556 2491 674 2592 prior,
696 2491 932 2594 praeceptoris
948 2491 1078 2566 medici
1094 2517 1241 2566 munere
1265 2491 1432 2594 fungens,

319 2623 456 2684 tantm
480 2623 604 2684 nactus
629 2625 684 2686 est
707 2611 969 2708 celebritatem,
993 2627 1035 2686 ut
1058 2637 1102 2686 ex
1126 2611 1292 2687 omnibus
1316 2625 1430 2685 terrae

318 2725 429 2828 plagis
454 2725 650 2802 adfluerent
673 2728 866 2827 auditores,
889 2731 1019 2804 summi
1035 2730 1103 2804 viri
1125 2729 1293 2806 doctrinis
1317 2727 1431 2806 imbui

318 2847 509 2948 cupientes.
533 2891 585 2906 -
609 2846 775 2923 Solebant
809 2863 928 2924 autem
961 2849 1090 2924 medici
1119 2849 1214 2926 illius
1250 2851 1327 2926 aevi
1355 2875 1431 2926 nou

317 2960 435 3038 solum
469 2965 537 3038 arti
572 2964 716 3041 salutari
747 2963 963 3066 diligentiam
992 2993 1096 3042 snam
1131 2967 1274 3069 dicare,
1301 2967 1364 3042 sed
1391 2969 1431 3042 in

317 3077 562 3184 philosophiae
591 3109 733 3186 quoque
765 3083 890 3159 studiis
920 3110 1085 3185 magnam
1121 3087 1186 3162 otii
1222 3111 1430 3160 coarsurnere

317 3211 465 3296 partem.
507 3199 550 3274 ld
589 3200 834 3302 requirebatur
874 3203 1100 3304 necessario,
1142 3203 1430 3306 quandoquidem

317 3315 433 3386 omnis
458 3311 619 3390 doctrina
643 3319 780 3393 medica
810 3347 830 3395 e
861 3320 1081 3396 Graecorum
1109 3345 1205 3423 penu
1234 3337 1310 3398 erat
1337 3322 1430 3398 deri·

316 3429 455 3528 vanda,
471 3457 623 3532 quorum
639 3437 769 3537 scriptu
784 3437 823 3511 in
841 3438 1021 3512 arabicum
1042 3454 1078 3514 et
1099 3441 1277 3542 syriacum
1297 3439 1430 3514 idioma

318 3547 502 3650 diligenter
518 3549 661 3626 suerunt
676 3579 868 3656 conversa,
891 3558 968 3658 ipsa
992 3583 1077 3632 vero
1099 3558 1318 3632 Graecorum
1342 3557 1429 3629 scri·

317 3679 380 3766 pta
394 3667 523 3742 medici
539 3673 735 3770 argumenti
752 3675 827 3748 sine
853 3674 1019 3750 adcurate
1043 3673 1288 3776 philosophiae
1313 3673 1430 3772 cogni·

317 3783 422 3858 tione.
438 3785 585 3888 intelligi
603 3813 677 3864 non
692 3805 889 3892 potuerant
908 3833 959 3850 ·-
974 3791 1176 3868 Doleudum
1193 3794 1313 3888 unice,
1332 3791 1430 3894 <prod

316 3899 450 3977 Arabes
473 3905 623 4005 medici,
647 3908 845 3989 theoreticis
870 3911 1189 4013 speculationibus,
1213 3937 1254 3986 ac
1274 3910 1429 3986 dialecti·

317 4021 369 4094 cis
393 4023 495 4123 nugis
519 4025 625 4102 nimis
659 4028 814 4132 addicti,
847 4031 1101 4108 observationis
1137 4031 1295 4106 studium
1328 4029 1428 4106 brevi
1532 4061 1534 4066 ·

199 4175 201 4180 ·
317 4141 569 4244 neglexerunt,
593 4149 818 4249 paucioribus
843 4165 983 4226 tanturn
1007 4153 1161 4256 exceptis
1172 4205 1184 4251 ,
1208 4152 1270 4253 qui
1296 4151 1429 4254 Hippo-

314 4262 446 4336 cratics
469 4281 656 4369 praecepta
682 4269 839 4370 religiose
864 4269 1064 4346 tuebantur.

308 4372 350 4406 ”’
366 4380 589 4483 Laudabilis,
614 4413 686 4488 quo
709 4387 829 4489 plures
854 4387 1011 4464 Arabum
1042 4388 1225 4489 Principes
1256 4383 1428 4463 ardebant

316 4497 356 4572 in
388 4489 497 4580 literis
534 4517 570 4583 et
606 4507 750 4600 medicis
788 4509 979 4616 disciplinis
1011 4509 1289 4614 promovendis,
1328 4531 1427 4584 amor
