3228 5166
179 487 355 582 (exclusis
392 513 533 591 semper
570 485 720 563 collibus
749 481 998 584 Ultrapadanis
1014 492 1047 582 ),
1081 486 1148 559 nisi
1179 391 1287 558 saisiri

180 611 339 711 excipere
364 608 452 686 velis
477 608 614 703 fontes,
638 605 768 706 quihus
792 603 992 705 pratulum,
1021 633 1130 706 prope
1159 631 1290 705 pagum

180 729 382 824 Mundolo,
404 728 583 800 irroratur.
615 723 865 824 Experimenta
890 723 1049 794 instituta
1073 723 1291 796 demonstra-

180 861 267 920 runt
301 870 432 946 panem
464 843 544 916 istis
581 843 681 944 aquis
716 847 925 934 (caeterum
962 839 1072 912 fenne
1105 841 1292 939 insipidis)

182 963 385 1040 confectum
408 961 620 1062 sapidiorem
644 958 814 1055 evadere,
838 983 960 1032 carmes
984 957 1096 1032 elutas
1120 957 1293 1033 difficilius
1426 971 1428 976 ’

183 1093 486 1181 computrescere,
509 1077 579 1152 tela
596 1077 690 1151 facili
706 1077 847 1175 negotio
858 1075 1035 1174 dealbari,
1050 1101 1091 1149 ac
1109 1075 1295 1150 nonnullas

185 1199 387 1301 digestionis
412 1197 533 1272 turbas
559 1195 780 1299 permulceri.

235 1318 462 1417 Quamquam
497 1339 603 1388 nemo
639 1314 773 1388 inficias
808 1314 861 1386 ire
898 1311 1069 1409 audebit,
1103 1317 1297 1414 tenperr'em

135 1493 138 1500 »
185 1435 273 1532 soli,
297 1448 335 1508 et
358 1433 447 1508 aeris
472 1434 695 1535 potissimum
720 1457 740 1505 a
766 1431 927 1505 benefico
947 1431 1085 1530 igniferi
1104 1431 1226 1505 sideris
1242 1431 1298 1502 in-

185 1549 284 1626 fluxu
301 1549 521 1659 dependere,
545 1547 657 1623 nihilo
674 1561 793 1622 tamen
809 1549 922 1621 senius
938 1548 1142 1650 quotidiana
1158 1547 1299 1622 abunde

186 1667 317 1770 probat
350 1667 588 1770 experientia,
620 1667 728 1742 etiam
757 1667 794 1738 in
829 1665 933 1766 globo
964 1681 1150 1767 terraqueo
1174 1693 1300 1767 qoam·

188 1785 360 1886 plurimas
391 1797 509 1858 extare
540 1784 841 1879 circumstantias,
871 1810 962 1885 quae
987 1783 1110 1858 caloris
1135 1785 1301 1857 determi-

189 1917 279 1976 nant
301 1903 376 1976 vim
400 1915 507 2003 atque
531 1901 775 1976 constantiam.
802 1899 884 1993 Qua
908 1899 953 1976 de
969 1927 1007 1975 re
1025 1915 1300 2002 temperaturam

191 2019 440 2118 evolutionem
453 2017 713 2118 telluricarum,
737 2045 778 2092 ac
795 2045 898 2121 saepe
915 2047 1012 2094 mere
1028 2017 1214 2120 localium,
1230 2045 1303 2095 non

190 2139 309 2213 minus
333 2163 443 2239 quam
466 2138 700 2212 oosmiosrurn
724 2137 884 2214 sobolem
908 2164 982 2212 esse
1008 2139 1217 2213 decenritur.
1243 2139 1304 2212 ui-

192 2281 314 2332 versae
330 2255 473 2358 plagae,
488 2269 571 2330 utut
585 2254 652 2330 sub
669 2255 795 2331 eodem
811 2255 1038 2358 longitudinis
1055 2257 1305 2359 geographicae

192 2374 303 2476 gradu
319 2375 427 2471 sitae,
445 2373 549 2475 longe
565 2375 757 2476 asperiores
774 2373 923 2450 climatis
939 2377 1084 2478 injurias
1100 2377 1306 2478 patiuntur,

193 2521 301 2598 quarn
326 2495 522 2570 Tieinensis
547 2521 630 2594 ager
653 2494 774 2592 offert,
798 2496 904 2596 hujus
929 2497 1025 2572 enim
1050 2496 1189 2570 eoelum
1217 2497 1304 2572 mite

194 2625 264 2711 est,
279 2625 317 2687 et
332 2611 516 2714 complura
531 2613 742 2712 vegetationi
760 2613 1017 2710 emolumenta,
1033 2614 1308 2716 hominibusque

193 2729 382 2805 commoda
403 2728 656 2805 subministrat
680 2731 956 2830 Praegrandium
980 2731 1164 2834 sylvarum
1188 2732 1307 2810 defec-

195 2863 277 2946 tus,
310 2861 417 2949 atque
450 2849 653 2944 mondum,
685 2849 748 2948 qui
784 2849 1019 2948 Cispadanam
1049 2843 1311 2950 amplectuntur

194 2963 567 3067 planitiem,distantia
577 2962 673 3060 talis,
685 2977 727 3037 ut
742 2963 971 3065 speeurbilem
984 2963 1158 3046 inflexum
1170 2989 1311 3044 exerere

196 3097 395 3186 nequeant,
418 3085 646 3187 praecipuam
669 3085 791 3160 sistere
815 3085 985 3162 videntur
1009 3111 1152 3166 oausam
1168 3088 1312 3188 majoris

198 3203 289 3280 coeli
313 3205 539 3279 constantiae.
564 3203 666 3296 Quas
689 3205 865 3306 pervices
887 3205 1075 3302 accidunt,
1099 3207 1310 3280 variationes
1340 3253 1342 3260 ·

198 3333 236 3396 et
258 3321 448 3421 improvisa
473 3319 624 3422 frigora,
647 3319 694 3398 ab
718 3321 919 3399 adventitiis
936 3325 1053 3424 potius
1069 3323 1228 3424 pendent
1245 3321 1312 3397 soli

174 3455 237 3516 ·et
260 3439 346 3514 anni
371 3454 573 3542 temporum
603 3440 840 3544 qualitatibus.
875 3442 1019 3544 Alpium
1050 3443 1314 3518 Helvetioarum

200 3572 238 3633 et
262 3557 515 3660 Tyrolensium
540 3573 663 3636 catena
689 3561 939 3636 feracissimam
963 3560 1163 3637 convallem
1193 3563 1315 3662 lango-

200 3679 382 3756 bardicam
398 3680 565 3756 adversus
581 3679 716 3760 horridi
734 3683 987 3784 septentrionis
1000 3681 1133 3782 algores
1151 3697 1317 3780 tuentur,

203 3825 312 3900 quare
335 3800 538 3900 praeeoeius
563 3801 699 3902 spirent
724 3801 951 3876 Chehdoniae
988 3825 1113 3900 aurae,
1148 3800 1316 3878 fervidius

205 3921 390 4022 percoquit
424 3919 575 3994 aestiferi
610 3921 700 3996 Solis
738 3921 840 4023 jubar
865 3975 880 4012 ,
917 3921 1063 3995 diutins¹
1089 3923 1318 4022 porriguntur

205 4038 368 4112 autumni
401 4035 573 4134 deliciae,
608 4039 863 4138 mitissimaque
904 4063 968 4138 per
1004 4061 1134 4137 paucas
1176 4051 1317 4110 taratrum

206 4155 445 4234 hebdomadas
470 4156 565 4255 viget
587 4153 724 4231 bmma.
750 4157 866 4230 Media
889 4153 1039 4230 altitudo
1054 4153 1319 4250 thermometri,

207 4279 245 4349 in
270 4300 383 4375 opaco
406 4273 487 4349 loco
511 4273 708 4370 observati,
733 4275 800 4350 fnit
824 4275 869 4348 ab
894 4300 988 4350 anno
1020 4275 1112 4348 1808
1138 4271 1183 4346 ad
1202 4285 1318 4348 toturn

214 4393 305 4468 1815
324 4394 420 4493 grad.
435 4397 482 4483 -Ι-
502 4395 536 4467 8.
554 4419 575 4466 2
593 4393 706 4467 scalae
733 4395 1030 4490 Reaumurianae,
1047 4391 1091 4466 ab
1109 4419 1202 4468 anno
1226 4395 1317 4497 1817

122 4539 125 4556 ¹
208 4511 256 4590 ud
287 4511 379 4606 1824
405 4511 499 4614 grad
524 4529 570 4616 5¹:
598 4537 632 4612 9.
660 4511 716 4607 46.
