3264 5194
1273 399 1340 478 ¹1¹7

279 496 387 578 Urbis
412 495 553 584 accolae
577 493 722 600 pidem
747 495 922 574 immunes
947 496 1073 572 vivunt
1089 521 1110 572 a
1126 493 1344 598 pellagrosae

230 617 319 692 labis
344 615 554 718 tyrannide,
576 614 641 688 sed
665 619 740 716 ejus
765 613 845 690 loco
870 615 930 688 vix
953 639 1027 690 non
1050 613 1264 690 tristioribus
1288 639 1346 688 oc-

229 735 406 810 cumbunt
429 733 555 829 malis,
578 758 670 834 quae
699 736 771 832 jam
786 757 807 806 u
823 731 955 806 teneris
972 731 1172 831 unguiculis
1197 753 1346 806 succum

229 868 268 926 et
281 853 491 950 sanguinem
507 863 761 951 corrumpunt,
785 862 891 950 atque
907 849 1113 950 depravant
1128 846 1347 922 Rachiu'tlem

230 970 412 1070 intelligo,
434 983 473 1044 et
495 965 716 1070 Serum,
735 969 1001 1044 'funestissimus
1031 968 1111 1044 illos
1135 967 1347 1045 valetudinis

231 1089 409 1181 humanae
446 1087 594 1183 hostes,
628 1089 717 1190 qui,
754 1089 848 1162 vitae
878 1087 1090 1163 evertendae
1126 1088 1280 1189 impares
1316 1087 1348 1160 si

232 1207 382 1301 suerint,
398 1231 501 1278 suam
516 1203 644 1278 saltem
659 1206 750 1278 iram
765 1207 803 1278 in
818 1219 1042 1281 venustatem
1057 1219 1095 1281 et
1106 1205 1349 1306 eurhyuniem

232 1324 390 1424 corporis
407 1347 572 1398 evomere
587 1347 661 1396 non
677 1321 975 1424 praetermittunt
991 1323 1080 1398 Inde
1097 1337 1152 1398 tot
1166 1326 1348 1426 pygmaei,

230 1441 328 1535 vari,
351 1438 467 1539 valgi,
491 1465 725 1540 comperues,
754 1439 883 1542 quibus
914 1439 1091 1516 redundat
1113 1441 1245 1542 Papia,
1266 1440 1348 1514 uul-

231 1556 371 1630 lateuus
406 1581 493 1632 vero
522 1555 592 1632 hoc
622 1559 753 1664 intuitu
786 1557 1030 1634 Mediolanum
1059 1573 1213 1661 superat
1241 1559 1350 1652 Quod

231 1673 478 1774 atmosphaera
504 1673 652 1750 humida
677 1689 714 1750 et
737 1671 932 1772 nebulosa,
956 1691 1131 1778 quatenus
1148 1677 1351 1776 organicam

235 1815 444 1890 compagem
476 1789 597 1888 laxat,
634 1805 671 1866 et
704 1793 837 1866 virium
870 1791 981 1869 robur
1018 1791 1220 1891 deminuit,
1253 1791 1352 1866 haud
1414 1841 1416 1844 -

233 1933 362 2008 parum
392 1907 439 1982 ad
469 1919 589 1982 ortum
617 1907 886 1983 osteomalsciae
910 1908 1088 1984 infantum
1113 1925 1150 1984 et
1176 1909 1351 1986 scroiirlae

235 2024 439 2102 contribuat
454 2079 467 2125 ,
489 2051 565 2102 uon
587 2027 733 2102 inficior.
758 2028 881 2127 Longe
896 2051 982 2102 vero
998 2025 1198 2103 uberiorem
1214 2027 1351 2102 fontem

233 2142 495 2244 proculdubio
524 2143 672 2244 largitur
703 2169 835 2247 pravus
864 2143 1017 2220 infantes
1048 2143 1223 2220 educandi
1246 2171 1352 2241 mos,

233 2289 306 2364 quo
331 2261 482 2338 tenellus
498 2264 718 2363 organismos
734 2265 862 2338 vitiosa
878 2261 1057 2338 contrahit
1072 2265 1249 2364 germina,
1274 2270 1350 2365 ejus

234 2379 429 2455 evolutioni
464 2393 501 2456 et
529 2379 739 2482 perfectioni
768 2383 981 2480 renitentia,
1014 2396 1121 2484 atque
1156 2407 1269 2484 ocyus
1292 2409 1349 2456 se·

233 2500 352 2573 riusve
376 2497 415 2574 in
439 2499 608 2600 pessimas
631 2497 709 2574 lues
734 2513 912 2602 eruptura.
937 2499 1136 2575 Nutricutio
1164 2499 1211 2574 ad
1241 2499 1352 2575 uhem

235 2615 450 2692 seminarum
474 2619 796 2715 mercenariorum,
811 2615 882 2691 cibi
907 2607 1353 2718 farinacei,glutinosi,di·

232 2749 333 2832 gestu
359 2733 520 2807 difficiles
549 2739 622 2836 jam
653 2749 775 2808 tenem
805 2733 954 2808 infantia
984 2736 1060 2808 sine
1085 2736 1248 2810 cautione
1272 2758 1354 2835 por-

232 2853 341 2948 recti,
363 2851 574 2951 negligentia
590 2853 705 2926 victus
722 2849 906 2947 animalis,
921 2851 1129 2946 munditiei,
1145 2865 1181 2924 et
1197 2850 1353 2925 exercitii

234 2972 394 3070 corporis
418 2971 457 3043 in
481 2980 562 3044 aere
577 2967 710 3066 libero,
735 2968 880 3044 tandem
896 2970 1009 3044 otiosa
1025 2970 1218 3070 pusionum
1233 2967 1353 3042 bi-aut

232 3087 460 3163 trimulorum
477 3085 708 3161 contubernia
725 3089 763 3160 in
780 3088 956 3187 angustis,
981 3086 1160 3184 obscuris,
1175 3085 1352 3182 humidis,

232 3229 307 3278 nou
338 3203 549 3280 eventillatis
580 3203 777 3300 cubilibus,
809 3202 946 3278 Scholia
977 3203 1110 3304 passim
1139 3201 1271 3299 dictis',
1300 3243 1351 3260 —

232 3345 307 3422 quo
332 3347 352 3395 a
376 3323 496 3394 minus
531 3322 660 3396 teneris
697 3347 762 3423 per
799 3335 911 3397 totam
947 3321 1044 3396 diem
1079 3321 1211 3424 deponi
1234 3317 1351 3396 solent

231 3437 433 3536 matribus,
456 3465 502 3513 ne
526 3441 689 3541 propriae
713 3439 822 3541 prolis
846 3439 993 3542 planctu
1016 3442 1151 3540 ingrate
1181 3439 1352 3514 tenuitur

231 3582 355 3652 aures,
378 3559 533 3657 potiores
557 3571 642 3631 sunt
671 3559 844 3659 injuriae,
878 3584 1031 3661 quarum
1066 3583 1242 3632 concursu
1276 3583 1352 3632 non

229 3673 350 3750 solum
375 3699 558 3775 processus
583 3673 794 3751 evolationis
820 3677 1004 3775 organicae
1025 3677 1266 3777 progressivae
1282 3675 1351 3746 im-

230 3789 401 3891 peditur,
430 3789 667 3865 desideratum
703 3791 883 3893 adtingere
918 3795 1091 3894 nequiens
1125 3793 1352 3894 perfectionis

230 3907 399 4004 culmen,
422 3908 487 3982 sed
510 3907 616 4009 plane
640 3909 732 4010 polis
756 3913 907 3988 inversis
931 3913 970 3984 in
995 3909 1252 4010 regredientem
1269 3934 1352 3984 oon·

232 4025 396 4097 vertitur.
420 4024 587 4126 Lympha
611 4027 762 4100 nutricia
780 4027 825 4100 ad
843 4029 1039 4128 potentiam
1063 4027 1268 4122 albuminis,
1289 4039 1354 4098 aut

230 4139 381 4213 librinae
406 4140 509 4215 evehi
534 4156 695 4238 recusat,
718 4143 775 4220 vel
800 4171 844 4219 eo
868 4159 990 4222 evecta
1022 4143 1142 4220 denuo
1169 4145 1207 4218 iu
1236 4143 1351 4221 visco·

228 4285 313 4334 sum
338 4259 544 4336 dissolvitur
568 4260 700 4360 gluten.
1038 4253 1043 4256 ’
1216 4255 1218 4262 ’

283 4378 488 4454 Secundum
522 4379 703 4456 coelomm
740 4381 971 4481 discrimina,
1011 4396 1152 4486 praeter
1185 4385 1351 4488 physicas

219 4497 390 4598 corporis
414 4495 646 4598 perfectiones
671 4515 706 4574 et
731 4501 1036 4606 imperfectiones,
1052 4501 1184 4581 multae
1208 4531 1350 4608 quoque
