3264 5194
314 283 383 376 164
1123 345 1128 356 .

305 399 406 478 nario
429 403 468 478 in
493 400 767 506 rheumatopyra
801 403 943 478 nonnisi
977 428 1057 478 raro
1087 403 1291 503 indigemus.
1318 399 1423 475 Reli·

303 543 411 620 quam
436 541 540 594 curae
565 533 702 622 partem
726 517 926 622 explebant
948 521 1110 622 potiones
1147 519 1321 615 laxantes,
1355 546 1420 592 rc·

302 634 533 736 bigemmes,
568 661 611 710 ac
645 635 771 711 leniter
805 635 1092 738 diaphoreticae,
1132 637 1226 712 lours
1259 636 1420 736 denique

301 751 439 828 adsidui
464 779 546 828 curn
572 767 676 856 stupa
701 753 898 836 cannabino
922 753 1043 828 suffitu
1068 754 1224 827 resinoro
1252 750 1418 850 imbuta,

300 897 370 974 qua
395 869 554 946 dolentes
578 885 675 945 artus
700 871 762 944 diu
787 885 966 974 noctuque
990 869 1124 946 involvi
1149 871 1359 972 curavimus.

192 1071 198 1080 ,
349 986 457 1080 Quod
481 1002 635 1090 systema
660 985 894 1086 dermaticum
918 987 987 1060 boc
1011 1009 1132 1065 menae
1167 984 1339 1064 notabiles
1363 985 1415 1059 ab

299 1099 565 1204 atmoaphaerae
602 1117 696 1176 statu
730 1103 804 1204 pati
839 1101 1008 1177 debuerat
1032 1103 1200 1204 injurias,
1234 1103 1412 1176 maximus

298 1242 364 1292 nos
388 1220 542 1294 convicit
565 1245 733 1294 numerus
745 1215 908 1320 fibrium
919 1273 935 1310 ,
958 1235 1066 1322 atque
1090 1219 1413 1315 opteramum

297 1333 579 1444 romuleorwwn
611 1352 648 1414 ct
683 1335 1009 1428 menesatem,
1043 1337 1109 1410 sub
1140 1335 1230 1420 adeo
1265 1337 1412 1410 variatis

297 1439 419 1528 formis
443 1453 725 1553 decurrentium,
749 1468 790 1530 ut
813 1479 937 1528 earum
960 1481 1094 1556 paucae
1117 1467 1258 1534 tantum
1281 1454 1318 1526 in
1335 1453 1410 1540 Nc-

296 1571 436 1674 solugiis
460 1587 606 1672 extent,
629 1599 717 1677 quas
740 1595 814 1648 non
843 1572 983 1648 licuerit
1012 1574 1225 1670 observare,
1254 1572 1411 1644 maxime

295 1687 334 1760 in
358 1689 427 1768 illis
451 1685 680 1788 hominibus,
703 1691 765 1792 qui
789 1691 920 1792 opificii
950 1715 1055 1764 causa
1083 1689 1214 1766 crebris
1252 1713 1410 1790 expone·

295 1803 426 1882 bantur
459 1809 757 1886 vicissitudinibus
790 1813 1034 1914 tempestatis,
1062 1812 1101 1884 in
1130 1809 1291 1884 run‘oolir
1307 1865 1323 1909 ,Α
1352 1810 1407 1888 fae
1477 1817 1483 1824 '

295 1926 427 2026 mulia,
451 1942 486 2002 et
510 1931 747 2034 portitoribus.
772 1931 860 2006 Inde
884 1936 1059 2030 anguinae,
1074 1957 1245 2032 corycus,
1269 1945 1407 2021 meres,

288 2047 623 2146 peripneumonia,
646 2059 683 2122 et
699 2048 921 2152 dysenteriae
944 2048 1155 2122 characteris
1178 2045 1405 2138 catarrbori5

294 2162 377 2236 inde
394 2163 627 2264 ρΙοιιήειὶίω,
661 2165 862 2267 myositider
892 2163 1159 2258 baterecrtaler,
1193 2177 1231 2242 et
1264 2165 1403 2240 dolores

293 2293 437 2355 crtum
460 2289 568 2382 vogn
597 2281 726 2359 indolis
756 2282 998 2360 rtewnancae.
1036 2287 1248 2360 Tractamcn
1273 2283 1406 2386 ubique

294 2400 482 2504 analogum
506 2416 597 2502 erat,
612 2403 650 2478 in
665 2405 839 2508 principio
855 2405 1191 2507 antiphlogistioum,
1204 2430 1269 2506 pro
1285 2405 1402 2479 morbi

293 2520 404 2620 gradu
427 2543 510 2598 mort
534 2521 640 2621 lene,
662 2545 746 2598 mox
770 2545 997 2624 generosum,
1021 2521 1197 2624 simulque
1214 2521 1401 2622 diaphore-

294 2639 420 2738 tioum,
442 2639 553 2714 serius
587 2639 738 2714 alterans
772 2653 809 2714 et
841 2641 1162 2740 antagoniaticum3
1194 2640 1232 2711 in
1266 2638 1403 2711 cunctis

293 2757 389 2832 enlm
413 2759 550 2834 ossibus
578 2761 785 2837 morborum
819 2761 1060 2864 psycticorum
1084 2759 1174 2834 cutia
1199 2759 1321 2832 munia
1344 2784 1402 2832 re·

292 2877 437 2954 nituere
459 2902 526 2982 pro
549 2875 684 2957 viribus
708 2877 910 2956 adnitimur.

342 2993 462 3071 Horna
488 3006 676 3100 tempestas
705 2999 891 3072 hominum
925 2996 1029 3070 saluti
1064 3021 1146 3069 eum
1171 2995 1219 3068 in
1253 2993 1403 3068 modum

293 3109 360 3186 lbit
382 3115 545 3211 insensa,
568 3131 636 3213 ut,
660 3143 776 3218 neque
800 3115 910 3192 oculis
935 3115 1141 3216 parcendo,
1175 3111 1315 3186 crebras
1332 3169 1342 3209 ,
1358 3127 1405 3188 et

293 3226 373 3327 plus
396 3231 559 3310 minusve
582 3234 779 3334 pertinaces
803 3230 1038 3334 ophthalmicus
1064 3231 1276 3332 produxerit
1301 3229 1402 3304 Non·

293 3342 410 3417 nullae
435 3347 672 3423 characterem
702 3346 955 3424 rheumatieum
965 3404 980 3440 ,
1011 3349 1099 3422 abac
1129 3345 1402 3436 catarrhactas,

293 3467 448 3540 mixtum
470 3465 588 3543 denno
613 3468 700 3543 alias
724 3471 975 3572 patefecerunt.
1011 3471 1104 3545 Cum
1132 3469 1289 3543 tunicam
1314 3495 1402 3542 con·

292 3581 486 3682 junctivem
509 3609 575 3686 pro
599 3587 775 3662 substrato
800 3587 1008 3683 habuerint,
1024 3593 1169 3690 ejusque
1186 3585 1402 3696 tenitorium

292 3725 366 3775 non
403 3701 479 3776 ¹sint
520 3727 675 3803 egressae
693 3760 704 3803 ,
723 3704 1064 3809 prnrplrymerritides
1101 3702 1402 3806 compellavimus.

292 3815 459 3892 Remedia
483 3819 674 3894 cathartica
698 3821 851 3897 multum
888 3824 965 3924 opis
989 3819 1170 3915 tulerunt,
1194 3819 1289 3894 unde
1314 3847 1401 3894 con-

292 3937 471 4010 firmatum
483 3934 670 4011 habuimus
679 3940 760 4014 Divi
771 3937 1004 4014 Hrarocranrs
1020 3961 1213 4014 canonemz
1230 3935 1402 4039 ontlral·

291 4059 363 4127 mia
387 4051 584 4129 laborantes
599 4055 669 4129 ato
678 4057 852 4158 proflatio
867 4062 996 4158 corripi
1004 4109 1018 4147 ,
1035 4045 1168 4133 bonum
1183 4061 1195 4146 (
1208 4055 1310 4134 Coac.
1330 4055 1402 4149 aad

291 4173 345 4248 De
368 4171 482 4248 ludio.
507 4174 555 4250 83
566 4180 587 4266 ).
611 4173 789 4276 Impetum
805 4173 1012 4276 phlogossns
1030 4176 1183 4274 topicae,
1199 4185 1305 4274 atque
1321 4199 1399 4248 mo·

292 4290 417 4364 lectam
439 4293 673 4367 sensationem
698 4289 858 4390 ardoris,
886 4293 1077 4388 siccitatis,
1099 4315 1142 4364 ac
1166 4289 1304 4370 subtilis
1340 4316 1398 4364 ae·

296 4403 351 4480 lut
366 4407 529 4490 arenulae
545 4409 657 4486 oculis
673 4409 816 4514 illapsae
831 4409 961 4498 crebris
978 4407 1191 4494 elationibus
1207 4409 1289 4492 curn
1307 4433 1399 4523 aqua
