3264 5194
312 385 379 436 roa

303 505 444 556 versum
470 486 671 580 protessum
697 475 931 575 vegetativum
956 474 992 554 iu
1018 473 1185 577 qualitate
1215 472 1412 577 depravat,

303 611 340 670 et
369 595 633 696 caeotrophianr
665 594 720 667 sui
751 593 886 693 generis
915 595 1029 694 parit,
1061 616 1169 694 quam
1201 589 1301 667 brevi
1332 617 1412 664 ana·

301 741 417 812 sarca,
450 711 702 814 hydrocoelia,
736 709 945 807 scorbutus,
974 737 1169 784 marasmus
1199 723 1237 784 et
1259 709 1411 784 multila·

300 836 352 908 ria
378 832 552 935 profluvia
578 831 803 932 colliquativa
828 845 1033 932 sequuntur.
1058 829 1137 905 Hoc
1162 831 1200 904 in
1228 813 1311 904 casir
1336 831 1410 931 ipsa

300 947 397 1024 labes
433 950 711 1025 cacudermatica
744 953 888 1050 jamjam
919 965 1117 1049 perennat,
1150 947 1311 1024 Psortasi
1341 947 1409 1048 dy*

227 1149 234 1164 ,
292 1064 406 1166 fimae
422 1071 613 1164 Wrmsm,
637 1081 698 1142 aut
732 1066 866 1169 leprae
884 1091 1092 1165 graecoraun
1105 1065 1284 1167 '‘andoffi
1314 1067 1410 1142 haud

299 1213 380 1262 raro
408 1187 455 1260 ad
478 1211 613 1286 ungues
637 1210 750 1284 usque
774 1185 1021 1285 protenditur,
1043 1210 1223 1274 ,corrream
1252 1186 1303 1259 eis
1328 1209 1411 1260 cou-

298 1301 452 1379 ciliando
477 1316 652 1376 texturam
670 1298 936 1402 (caconychia),
954 1299 1018 1381 rel
1033 1301 1072 1374 in
1097 1300 1214 1376 ulcera
1242 1300 1408 1376 utimum

298 1423 497 1524 degenerat.

346 1542 412 1616 Ast
452 1565 566 1640 neque
607 1535 839 1614 nobilioribus
875 1565 1058 1642 processus
1096 1540 1212 1616 vitalis
1249 1540 1406 1642 sphaeris

296 1661 411 1760 parcit
434 1655 656 1731 inexorabilis
681 1656 818 1754 clades,
851 1658 1012 1758 inprimis
1029 1658 1068 1732 si
1099 1658 1167 1734 sub
1201 1661 1407 1734 conunuato

295 1782 506 1882 injuriarum
529 1777 767 1854 maleficarum
796 1776 952 1875 influxu,
978 1778 1208 1880 dispositione
1231 1781 1324 1880 aegri
1345 1806 1408 1852 va·

295 1897 529 1993 letudinaria,
553 1911 590 1971 et
614 1923 719 1970 curae
743 1895 904 1994 neglectu
921 1895 1115 1996 profundas
1131 1897 1240 1998 egerit
1264 1895 1407 1971 radices.

296 2017 358 2089 Sat
374 2015 497 2089 crebro
509 2010 707 2089 functiones
724 2013 923 2114 systematis
940 2013 1080 2088 nervosi
1097 2039 1181 2089 eum
1201 2014 1239 2087 in
1262 2007 1408 2088 modum

294 2135 484 2236 pervertit,
508 2147 549 2208 ut
572 2133 622 2206 ibi
647 2147 683 2204 et
707 2131 904 2232 principem
928 2131 1155 2231 passionem,
1181 2128 1408 2204 etmalorum

294 2247 415 2326 focum
439 2249 540 2324 facile
566 2273 746 2349 argueres,
769 2249 837 2320 nisi
861 2262 1019 2322 mentem
1036 2247 1090 2322 ad
1120 2249 1287 2325 comitam
1316 2249 1406 2324 cutis

293 2367 573 2471 turpitudinem,
597 2383 634 2441 et
657 2367 880 2442 isochronam
905 2368 1012 2441 totius
1042 2367 1324 2468 reproductionis
1347 2387 1428 2442 or··

293 2493 437 2590 garucae
460 2487 578 2563 labem
603 2502 796 2562 convertas,
822 2487 976 2589 Sphaera
1009 2487 1176 2562 sensitiva
1209 2485 1408 2589 gangliaris,

292 2611 395 2712 eique
420 2607 574 2683 insidens
606 2605 881 2701 coenaesthesis,
916 2633 1000 2706 prae
1035 2605 1111 2680 aliis
1141 2607 1406 2709 phaenomena·

292 2751 375 2801 rum
398 2725 645 2802 morbosorum
669 2723 872 2799 satellitium
897 2723 1073 2799 exhibent
1094 2725 1312 2823 Scotodinia,
1337 2751 1399 2800 seu

291 2845 426 2944 vertigo
461 2843 670 2944 caliginosa,
703 2867 945 2944 marmarygac
955 2897 970 2935 ,
1004 2857 1154 2945 torpor,
1189 2842 1402 2946 myrmclris·

289 2985 393 3060 mus,
432 2959 674 3056 anaesthesia,
710 2973 747 3034 et
780 2959 1098 3062 hypochondriasis
1134 2963 1288 3062 potiores
1327 2986 1405 3036 esse

290 3079 407 3154 solent
442 3079 646 3154 nevrosium
681 3076 839 3174 somnae,
880 3105 968 3178 quas
1004 3077 1172 3152 diathesis
1208 3077 1405 3180 pellagrosa

289 3195 391 3270 ludit
415 3196 458 3268 In
483 3193 558 3270 aliis
584 3191 708 3268 turbae
734 3210 967 3295 comparent,
988 3221 1079 3295 quae
1110 3193 1305 3270 medullam
1329 3197 1403 3297 spi·

290 3313 409 3387 nalem
432 3313 470 3386 in
494 3313 712 3387 consortium
738 3327 887 3387 tractam
912 3328 1032 3415 aperte
1054 3313 1245 3411 indicam,
1274 3317 1326 3389 uti
1357 3329 1407 3390 te·

289 3431 427 3503 tarsicam
461 3443 706 3504 contracturae
741 3443 911 3529 artuum,
936 3445 972 3505 et
993 3433 1181 3534 praecipue
1216 3433 1407 3534 digitorum

288 3545 480 3649 (Arrchyle
496 3553 524 3642 ),
548 3547 688 3622 dolores
713 3547 934 3646 lumborum,
959 3566 995 3625 et
1020 3551 1066 3625 ad
1093 3551 1231 3654 plantas
1262 3553 1405 3655 pedum,

287 3663 405 3737 Serius
432 3663 598 3758 tandem,
622 3663 652 3736 si
677 3663 822 3739 morbus
853 3667 1125 3766 inveteraverit,
1159 3695 1201 3744 ac
1231 3657 1345 3745 veluti
1367 3673 1406 3746 in

287 3779 387 3853 venis
409 3793 448 3855 et
473 3779 636 3856 medullis
663 3779 836 3878 haeserit,
854 3803 1047 3884 ¹supremae
1078 3813 1221 3888 quoque
1257 3785 1405 3863 laedun-

287 3907 348 3969 tur
371 3897 518 3972 sensorii
543 3899 741 3973 communis
767 3899 972 3999 facultates,
1005 3903 1172 4004 variaque
1207 3905 1407 4008 psychopa·

287 4013 443 4089 thiarum
468 4015 647 4090 schemata
673 4016 912 4092 suboriuntur.
938 4019 1236 4121 Frequentissima
1261 4037 1315 4098 est
1344 4023 1406 4098 illa

285 4135 420 4234 species
449 4133 702 4232 hebetudinis,
735 4121 846 4239 quae‘
865 4137 1078 4216 Haraaorao
1116 4142 1238 4219 Aaou
1269 4141 1405 4240 ι’βουλη

286 4264 453 4350 vocatur,
477 4251 556 4326 talis
582 4279 709 4356 nempe
735 4257 844 4330 animi
869 4257 1148 4361 obstupescentis
1174 4261 1403 4363 adiaphoris,

286 4381 328 4439 ut
352 4393 473 4468 aegros
499 4373 596 4444 omni
622 4371 693 4446 fere
725 4371 907 4449 vuluntate
932 4391 1110 4474 carentes,
1136 4379 1334 4474 adtonitos,
1365 4391 1402 4452 et

284 4487 385 4588 quasi
410 4487 592 4567 ecstaticus
618 4515 749 4568 cernas.
774 4491 844 4571 Alii
869 4519 1028 4572 moerore
1064 4495 1135 4576 alto
1165 4493 1401 4594 adtigvmtur,
