3264 5194
277 269 444 463 :deluere
464 385 765 486 aegritudinibus,
788 382 852 462 sed
875 388 982 462 etiam
1007 413 1189 491 processus
1204 389 1397 466 morbosos*

276 505 435 608 ejusdem
461 499 618 603 indolis,
642 533 683 578 ac
718 506 867 606 proinde
891 509 1004 607 ipsam
1029 507 1235 608 pblcgosin,
1264 509 1393 582 eaderu

277 637 456 697 caeterum
481 649 585 697 cansa
612 623 810 719 inductam,
825 623 1082 698 sole-substrati
1104 623 1395 728 divmsitatepe-

277 741 446 814 culiarem
472 740 639 836 sormam,
655 741 766 814 imrno
783 755 819 814 et
834 755 998 814 naturam
1013 743 1229 818 contrahere.
1246 745 1393 818 Henoee

278 886 364 936 vcro
389 861 740 961 circumspectionem
766 857 889 933 oculus
913 881 998 960 prae
1023 861 1149 960 quovis
1165 859 1235 936 alio
1258 886 1394 961 organo

275 979 343 1052 sibi
368 977 589 1078 expostulat,
615 991 790 1077 quatenus
814 977 851 1050 in
875 975 1029 1050 mirabili
1047 977 1122 1051 illo
1156 979 1394 1053 microcosmo
1503 991 1507 994 “

278 1097 337 1171 six
362 1095 476 1169 ullum
507 1109 741 1196 systematum
777 1097 1050 1193 organicorum,
1073 1120 1265 1198 equorum
1289 1122 1393 1171 com-

274 1215 381 1318 plexu
407 1215 501 1290 vitae
527 1213 705 1288 humanae
729 1213 899 1314 perfectio
928 1215 1108 1314 exsurgit,
1139 1227 1269 1316 typum
1301 1215 1392 1290 deli-

275 1359 356 1408 cere
381 1333 552 1408 videmus.
576 1331 775 1406 Plurimum
799 1334 917 1434 itaque
941 1333 1105 1428 interest,
1129 1346 1169 1406 ut
1192 1359 1277 1434 prae
1307 1361 1391 1408 cae-

275 1453 359 1525 teris
385 1449 640 1524 determinetur
656 1500 668 1549 ,
691 1475 867 1551 quaenam
891 1449 985 1524 oculi
1001 1449 1151 1552 sphaere
1167 1451 1213 1524 sit
1229 1450 1392 1548 addicta,

274 1595 321 1642 un
346 1564 709 1664 scilicet'irritebilis,
732 1568 926 1664 sensitiva,
949 1566 1008 1642 vel
1037 1569 1392 1670 orgerucoplastica,

275 1713 321 1759 arr
346 1685 550 1760 membrana
575 1689 776 1786 muciparu,
800 1707 933 1782 setosa,
948 1685 1007 1761 vel
1030 1685 1186 1761 fibrossi
1200 1689 1389 1788 Perspecta
1440 1757 1444 1762 .

274 1804 483 1905 phlogoseos
508 1803 617 1901 sede,
642 1819 748 1906 etque
772 1804 820 1878 ad
843 1805 1013 1878 trutinam
1042 1805 1217 1878 revocatis
1244 1831 1399 1905 genera·-

273 1920 366 1995 llbus
398 1925 593 2023 praeceptis
625 1921 838 2023 aetiologicis
869 1936 906 1997 et
942 1923 1226 2022 nosogeneticis,
1262 1921 1391 1998 clarior

274 2033 462 2114 liebebitur
484 2039 629 2115 obortae
663 2039 987 2142 metamorphoseos
1021 2005 1132 2138 ideal
1161 2055 1199 2116 et
1230 2043 1394 2116 munor-

274 2161 313 2233 iu
337 2159 512 2234 medendo
536 2160 693 2234 amomis
719 2156 990 2262 copulabuntur
1014 2159 1077 2237 teli
1100 2175 1207 2262 pacto
1235 2184 1387 2263 concep-

275 2289 334 2352 tm
359 2279 557 2378 specierum
581 2276 773 2374 adfinium,
792 2301 882 2378 quae
907 2279 1024 2379 primo
1047 2279 1179 2352 iutuitu
1194 2291 1271 2354 teto
1287 2279 1388 2354 coelo

275 2393 472 2495 discrepare
496 2395 722 2492 riderentur,
746 2418 776 2470 e.
801 2417 832 2494 g.
857 2395 1102 2496 ophthalmius
1125 2395 1328 2473 catarrhum
1352 2413 1388 2473 et

274 2511 475 2614 dysenteria
511 2510 803 2609 inflammatoris,
842 2527 994 2614 utraque
1027 2515 1388 2618 phlegmbymerritis3

214 2725 216 2735 y
274 2628 532 2730 separabuntur
556 2644 679 2705 contra
702 2633 836 2734 species
860 2630 1135 2734 heteronymae,
1158 2659 1200 2707 ac
1225 2636 1390 2708 escenda-

273 2746 354 2822 liter
378 2747 556 2846 diversae,
581 2775 671 2852 quae
695 2775 717 2823 a
741 2749 952 2851 superficiali
977 2749 1202 2826 observatore
1233 2765 1269 2825 et
1292 2751 1394 2852 phy-⁴

275 2866 441 2967 siologiae
477 2868 599 2968 ignaro
632 2894 699 2969 pro
724 2870 897 2969 germanis
922 2867 1157 2966 haberentur,
1181 2893 1215 2944 r.
1240 2896 1271 2969 g.
1296 2869 1386 2970 oph-

274 2984 444 3060 thalmitis
469 2986 669 3062 cetarrlrosa
695 3000 732 3058 et
760 2986 1002 3084 rheumatica,
1031 2987 1130 3087 prior
1158 2985 1387 3060 membranae

273 3127 465 3198 mucosae,
492 3106 664 3204 posterior
693 3129 831 3178 setosae
865 3103 1106 3180 inflammatio.
1133 3103 1268 3192 ,Nullus
1302 3129 1387 3204 pro·

274 3215 368 3294 fecto
392 3220 572 3317 medicus,
596 3222 658 3321 qui
682 3221 739 3296 vel
764 3221 886 3296 limina
912 3237 1052 3296 tantum
1079 3221 1186 3298 studii
1221 3222 1388 3324 ophthal-

273 3335 437 3437 mologici
461 3339 645 3437 salutavit,
669 3343 859 3440 ignorabit,
876 3343 1131 3444 ophthalmiam
1147 3343 1397 3420 catanlrosam

273 3477 379 3528 usum
412 3453 642 3556 collyriomm
666 3457 879 3533 blandorum
902 3461 1049 3561 impune
1078 3460 1255 3558 tolerare,
1278 3461 1396 3535 rheu*

273 3575 440 3646 maticem
465 3599 508 3648 ex
531 3573 680 3652 adverso
697 3576 741 3651 eb
759 3579 857 3655 omni
876 3580 1044 3678 regimine
1061 3577 1210 3655 humido
1234 3582 1396 3682 pessime·

272 3690 485 3766 exacerbari.

323 3809 452 3887 Febres
477 3817 737 3891 intemsittentes
761 3815 829 3892 hoc
854 3842 975 3892 mense
1005 3817 1123 3892 nullae
1151 3832 1236 3893 sunt
1265 3820 1395 3916 usae,

272 3929 341 4006 nisi
365 3929 501 4033 aliquot
526 3935 702 4034 exceperis
728 3949 915 4036 quartanas
941 3935 986 4010 ab
1012 3951 1184 4012 autumno
1209 3937 1388 4032 residuas,

272 4075 392 4150 quae,
416 4050 453 4124 in
479 4051 623 4126 exordio
647 4051 903 4128 subcontinuue
929 4069 966 4129 et
992 4049 1263 4130 inflammatoris
1288 4081 1387 4130 com-

271 4165 461 4267 plicatione
498 4169 735 4270 inquinatae,
772 4170 927 4246 decoctis
964 4171 1203 4273 aperientibus
1245 4171 1387 4245 tractari

273 4282 478 4359 debuerant.
502 4285 559 4360 td
582 4285 779 4388 simplicem
814 4287 965 4390 denique
1000 4288 1166 4364 reductae
1196 4287 1395 4363 decursum·

272 4400 473 4500 pervicaces
499 4401 691 4494 admodum
716 4419 843 4503 crant,
873 4432 938 4484 uec
971 4403 1030 4482 alii
1060 4405 1242 4506 remedio,
1276 4431 1395 4510 quara.

274 4519 395 4594 cortici
420 4519 592 4621 febrifugo
618 4524 870 4604 auscultabant.
