3228 5166
335 313 359 372 3
908 363 911 372 .

246 417 268 468 2'
330 419 408 522 eliis
435 440 575 520 quoque
601 409 772 492 consimili
797 409 904 484 modo
922 409 1128 485 conflictatio
1154 415 1438 494 communicavit.

330 537 453 628 Quum
477 549 594 608 autam
622 529 751 604 medici
782 529 916 629 proprii
945 529 1098 604 nominis
1127 529 1288 608 noudum
1318 549 1437 610 essent

327 654 536 749 constituti,
566 647 727 728 solebant
756 659 915 745 aegrotes
949 660 1031 722 ante
1070 651 1192 748 ianuas
1227 647 1441 748 domorum,

324 767 390 844 vel'
406 771 446 844 in
467 767 617 871 publicis
642 766 708 842 viia
733 789 927 865 exponere,
951 777 992 838 ut
1019 778 1282 865 praetereuntes
1307 791 1439 842 oonsu-

323 886 457 985 lerent,
479 885 629 962 similine
653 882 870 958 laborassent
894 881 1043 980 morbo,
1068 896 1105 959 et
1134 881 1266 994 quibua
1297 881 1439 958 auxiliis

322 1005 508 1104 pristinam
540 1013 804 1104 recuperassent
837 997 1001 1082 salutem.
1031 999 1299 1074 vetustissimus
1330 999 1437 1074 hicce

321 1121 538 1228 populorum
561 1148 666 1216 usus,
690 1145 798 1221 quem
828 1119 996 1219 ‚inprimis
1026 1120 1119 1194 inter
1142 1119 1438 1222 Babylonienaes,

322 1241 498 1341 Assyrios,
514 1251 550 1312 et
566 1237 738 1320 Israelitas
763 1236 912 1335 viguisse
938 1237 1154 1320 Hanooorus
1172 1251 1209 1310 st
1225 1237 1360 1311 Srnrao
1375 1252 1432 1312 te·

321 1371 481 1452 stantun,
513 1355 669 1458 plurium
699 1355 920 1456 experientiis
955 1354 1114 1452 collatis,
1145 1357 1260 1457 prima
1290 1358 1437 1432 omnino

321 1475 421 1554 dedit
432 1475 515 1551 artis
528 1473 685 1552 medicae
697 1473 911 1560 'rudimenta
929 1475 1044 1550 Immo
1066 1475 1162 1575 apud
1178 1476 1344 1576 Assyrios
1359 1502 1436 1550 ma«

322 1595 485 1693 gistratus
510 1605 643 1668 oreatus
660 1592 766 1674 fluisse
782 1606 946 1688 narrant,
967 1591 1095 1693 qrribus
1125 1591 1164 1664 id
1189 1590 1437 1691 adsigrmbatur

322 1735 481 1805 munus,
503 1721 544 1784 ut
568 1710 716 1807 aegrotis
750 1711 789 1798 in
822 1709 967 1809 publico
997 1709 1075 1792 ibro
1110 1708 1275 1810 expositis
1311 1707 1433 1784 adsta-

300 1839 422 1926 rent,
446 1851 487 1898 ao
503 1837 764 1925 praetereuntes
790 1827 882 1902 circa
907 1826 1061 1902 remedia
1078 1825 1277 1904 adhibenda
1304 1851 1429 1906 coneu-

291 1917 296 1942 ⁸
321 1941 442 2025 lerant.
468 1939 662 2028 Medicinae
685 1945 804 2045 itaque
829 1945 927 2043 origo
943 1958 997 2017 est
1018 1943 1063 2017 ab
1086 1945 1317 2047 experientia,
1333 1971 1435 2054 erpa<

321 2063 468 2138 aientiae
493 2059 631 2135 occasio
653 2085 738 2140 uero
762 2089 783 2136 a
808 2065 1023 2138 necessitate.

366 2179 553 2282 Ejusmodi
569 2178 805 2280 experimenta
821 2181 1039 2282 pedetentim
1054 2181 1104 2269 ita
1120 2180 1357 2283 augebantur,
1374 2197 1436 2283 ut,

319 2325 404 2374 oum
427 2296 524 2370 libris
552 2320 627 2369 non
658 2294 966 2396 consignarentur,
1001 2286 1066 2385 sed
1099 2324 1161 2372 ore
1192 2299 1435 2398 traderentur,

318 2417 378 2500 vix
401 2413 505 2486 unius
530 2411 683 2500 huminis!
708 2410 879 2496 memoria
905 2415 1105 2510 potuissent
1120 2416 1328 2513 retineri,et
1352 2441 1436 2496 cou-

316 2531 457 2605 servari
483 2530 584 2622 Quae
608 2542 728 2608 tamen
752 2527 943 2614 memoriae
960 2531 1131 2630 felicitas,
1154 2533 1185 2606 si
1203 2534 1261 2608 cui
1286 2546 1433 2608 naturae

316 2645 489 2720 beneflcio
513 2647 728 2750 contigeret,
751 2646 781 2718 ia
807 2643 949 2724 fortuna
965 2649 1121 2729 consiliis
1146 2665 1323 2726 annuente
1339 2650 1433 2747 suis,

227 2847 228 2850 ,
318 2763 364 2840 ab
387 2767 451 2864 iis,
475 2763 605 2868 quihus
630 2766 818 2840 sanitatem
841 2761 1058 2860 redonabat,
1081 2767 1275 2868 coiabatur,
1299 2795 1320 2844 a
1345 2771 1432 2846 civi.

316 2883 384 2970 bus
399 2881 526 2986 plausu
543 2898 579 2958 et
594 2883 824 2972 admiratione
841 2879 1155 2978 oendecoeabatur,
1166 2897 1270 2986 atqua
1280 2889 1431 2989 posteris

315 3003 415 3090 uultu
448 3005 690 3093 honorabatur
719 3003 850 3088 divino.
881 3003 975 3076 Hinc
1011 3002 1099 3087 laum
1127 3015 1233 3102 atque
1262 3007 1431 3081 Sannnrnr

239 3119 240 3123 ’
317 3123 414 3222 apud
437 3125 650 3230 Aegyptios,
676 3123 845 3207 Anomnu
870 3135 907 3196 ct
920 3121 1135 3208 &acmanto
1152 3121 1247 3221 apud
1264 3123 1433 3221 Graecos,

314 3239 401 3322 irinc
425 3238 500 3319 aliis
517 3240 614 3340 apud
628 3238 712 3325 alias
729 3252 848 3340 gentas
861 3239 1021 3320 Deorum
1036 3236 1257 3324 medicorum
1280 3237 1432 3322 honores

315 3354 615 3453 decernebantur,
654 3381 735 3434 arae
764 3357 950 3451 incensae,
993 3354 1099 3430 thura
1134 3351 1265 3450 libata,
1300 3359 1432 3460 templa

314 3485 495 3568 extructa,
529 3472 575 3560 ad
610 3497 723 3574 quae,
757 3487 932 3574 quotquot
966 3498 1050 3556 oum
1083 3470 1216 3556 morbis
1251 3473 1432 3551 conflicta·

313 3588 627 3686 bantur,eanitatis
637 3589 895 3691 recuperandae
905 3615 1010 3664 cause
1020 3589 1177 3691 undique
1190 3589 1429 3673 confluebant.

366 3706 534 3792 solebant
559 3721 678 3797 autem
703 3709 908 3792 Sacerdotes
932 3709 1146 3794 medicinam
1171 3735 1346 3810 exercere,
1361 3715 1430 3789 Le·

314 3824 410 3900 vitae
435 3839 473 3906 et
495 3825 695 3928 Prophetae
726 3829 819 3904 inter
846 3825 1044 3924 Israeliten,
1077 3825 1315 3900 Brachmanni
1337 3829 1431 3903 inter

313 3943 442 4041 Indos,
466 3943 621 4021 Druidae
643 3945 737 4019 inter
753 3944 892 4042 Celtas,
908 3943 1084 4030 Flamines
1111 3942 1255 4024 undem
1279 3970 1321 4018 ac
1345 3945 1430 4020 Ide·

312 4057 458 4135 loiatnae
484 4062 523 4135 in
546 4063 729 4167 Aegypto,
753 4090 842 4165 quos
867 4089 952 4164 prae
980 4061 1055 4149 aliia
1088 4063 1140 4136 rei
1156 4062 1313 4148 medicae
1335 4065 1430 4166 peri·

313 4180 465 4260 munros
490 4180 596 4255 nosse
606 4235 621 4272 ,
645 4203 855 4282 cognoscere
879 4183 946 4256 erit
971 4206 1015 4265 ex
1040 4181 1263 4279 Haerenono,
1278 4193 1316 4254 et
1339 4181 1428 4260 Dre-

314 4321 405 4372 orna
436 4299 605 4378 nanno.
642 4299 856 4401 Religionum
892 4300 1030 4373 huncce
1063 4297 1261 4372 medicinae
1292 4297 1428 4376 cuitum

314 4413 414 4496 brevi
439 4417 566 4498 imitati
590 4431 674 4497 suut
700 4421 842 4520 Graeci,
858 4419 1103 4502 tarcacona
1128 4413 1175 4494 ob
1201 4418 1306 4494 miras
1331 4441 1428 4492 cura·
