3228 5166
186 549 293 626 qum
311 521 454 604 illorum
470 524 675 604 morborum
693 545 901 630 cognoscere
917 531 1086 631 originem
1102 543 1139 606 et
1157 541 1294 604 rectam

185 641 381 743 modelam,
396 648 459 747 qui
482 647 521 724 in
545 647 648 721 certis
674 645 769 747 globi
793 650 966 749 terraquei
983 648 1091 748 plagis
1107 646 1219 722 veluti
1234 671 1295 747 pe·

184 784 312 838 rennes
338 775 447 862 agumt
470 762 626 858 radices,
640 763 699 838 rel
722 764 783 866 qni
809 777 950 838 aeterno
975 765 1123 836 circuitu
1148 759 1293 860 singulis
1359 795 1367 810 ⁸

186 904 261 954 non
285 880 394 954 modo
418 879 635 978 individuis,
658 881 722 958 sed
746 883 889 981 integris
913 879 1077 982 populis,
1100 903 1146 954 ne
1179 878 1299 952 dicam

188 991 256 1073 toti
273 999 391 1098 generi
414 997 571 1076 humano
586 999 729 1074 insidias
745 1013 900 1097 annunt,
916 1011 953 1074 et
973 997 1101 1100 quibus
1124 995 1299 1072 evitandis

190 1114 289 1188 nulla
314 1139 417 1216 saepe
442 1115 536 1190 valet
559 1141 614 1190 ars
626 1163 638 1216 ,
662 1142 728 1191 nec
752 1143 911 1217 unquam
935 1115 1090 1214 valebit,
1114 1137 1298 1216 quousque

191 1231 328 1332 bomo,
351 1257 415 1310 oen
440 1258 521 1334 pars
546 1231 702 1329 telluris,
723 1234 859 1334 legibus
884 1249 1031 1309 naturae
1053 1235 1240 1309 universae
1262 1242 1302 1306 et

87 1387 92 1398 a
192 1349 345 1426 caducae
369 1345 572 1441 existentiae
596 1353 820 1451 succumbit,
842 1355 881 1428 in
910 1369 1052 1428 vastum
1085 1353 1190 1428 toties
1225 1352 1301 1426 sine
1466 1417 1473 1432 .

190 1469 294 1570 culpa
319 1469 497 1572 projeetus
526 1469 680 1548 latorum
713 1473 934 1550 volventium
966 1473 1148 1573 gurgitem.
1184 1470 1301 1545 Tanta

190 1603 312 1664 autem
336 1603 390 1664 est
413 1589 543 1692 objecti
568 1591 739 1692 dignitas,
760 1606 949 1696 tantaeque
972 1595 1011 1667 in
1035 1597 1111 1694 ejus
1134 1591 1303 1693 pervasti*

191 1708 331 1809 geuene
355 1707 550 1809 adsurgunt
572 1708 821 1808 difficultates,
849 1723 890 1786 ut
919 1711 961 1785 iis
991 1705 1198 1811 superandis
1234 1727 1301 1782 nec

191 1829 298 1900 umus
322 1825 499 1926 hominis,
521 1853 589 1902 nec
613 1831 717 1906 unius
742 1832 822 1904 aevi
854 1855 962 1933 opem
998 1822 1156 1904 sufficiat
1183 1829 1309 1921 Quare

193 1945 309 2020 omnis
334 1945 456 2018 acuns
481 1941 664 2020 observata
687 1945 864 2047 florilegae
886 1947 961 2048 apis
977 1948 1088 2020 instar
1111 1943 1304 2046 conligere,

194 2073 302 2163 atque
325 2086 347 2135 e
371 2062 543 2138 ditissimo
567 2063 677 2138 hoece
706 2063 901 2140 sedulitatis
932 2078 1192 2138 autecessorum
1223 2081 1302 2137 cor·

194 2179 367 2280 nocopiae
391 2177 555 2254 solidiora
579 2177 753 2255 elementa
777 2195 985 2284 excerpere,
1007 2203 1149 2254 neeesse
1173 2191 1247 2276 est,
1262 2193 1305 2253 ut

191 2295 278 2372 inde
318 2297 551 2372 scientificum
583 2297 876 2402 Epidauuologios
904 2297 1101 2372 aedificium
1138 2315 1304 2395 exurgere
1345 2288 1349 2296 ’

193 2430 309 2517 queat.
332 2415 419 2490 Ideo
442 2414 495 2489 nil
518 2413 621 2492 nobis
644 2418 827 2513 ametins,
850 2439 959 2518 quam
982 2401 1147 2490 sublimia
1176 2413 1304 2486 Hirro

193 2553 332 2632 antris,
355 2535 578 2633 Smxnnnm,
600 2535 787 2636 Baunonia,
809 2535 989 2633 Bronten,
1012 2535 1182 2629 Macran,
1204 2531 1307 2606 ltux-

192 2653 494 2750 m1,Sronnn,
529 2677 571 2728 ae
608 2654 734 2756 optimi
758 2655 933 2728 Pnaxnrrs
958 2650 1118 2753 exempla
1142 2648 1305 2750 religioso

193 2773 358 2874 prosequi
382 2769 501 2870 cultu,
516 2771 778 2874 discipulosque
801 2771 901 2846 nulls
925 2771 982 2845 die
1006 2769 1129 2844 relicta
1153 2768 1201 2842 ad
1223 2767 1305 2840 imi-
1360 2785 1362 2790 ’

193 2891 366 2966 tationem
390 2885 779 2986 exhortariqmedieina
794 2890 890 2962 enim
906 2911 980 2961 non
1003 2885 1134 2984 ingenii
1157 2877 1308 2956 humani

194 3022 316 3108 partus
342 3020 416 3104 est,
438 3007 503 3082 sed
526 3009 759 3109 experientiae
783 3007 879 3102 filia,
902 3005 1088 3104 omnisque
1118 2992 1306 3102 doctrina,

195 3124 263 3196 uisi
288 3145 309 3196 e
334 3133 431 3197 easta
453 3135 489 3197 et
512 3124 661 3225 repetitu
686 3121 930 3200 observatione
963 3118 1185 3216 deducatur,
1214 3141 1305 3194 rana
1443 3129 1448 3139 '

195 3254 233 3316 et
256 3241 451 3341 perniciosa
475 3239 665 3315 ematimari
689 3239 805 3315 debet.
1262 3316 1265 3327 ,

243 3357 326 3433 Non
351 3357 579 3434 abhorremus
596 3383 696 3432 casus
721 3383 870 3459 paves,
900 3347 1075 3454 sonticus,¹
1102 3345 1303 3428 conclama·

193 3487 250 3551 tos
261 3491 271 3574 ',
282 3489 318 3550 et
334 3475 560 3575 insanabiles,
570 3479 680 3555 immo
694 3477 886 3580 specimina
902 3475 1029 3550 similia
1044 3499 1149 3576 saepe
1164 3472 1304 3574 saepius

194 3617 240 3668 ex
264 3591 436 3668 industria
451 3595 667 3696 quaerimus,
682 3609 724 3669 ut
743 3608 863 3696 optata
888 3591 1074 3696 tyronibus
1100 3589 1304 3692 suppedite-

195 3728 255 3790 tur
269 3715 429 3809 occasio,
451 3729 595 3790 cunetas
617 3716 752 3816 generis
769 3715 915 3788 hurnani
935 3711 1150 3787 calamitates
1174 3733 1305 3810 cogno-

194 3835 338 3930 scendi,
361 3829 604 3911 incredibilem
627 3850 801 3933 naturae,
823 3831 884 3911 rel
908 3835 993 3908 artis
1023 3823 1216 3908 efficaciam
1246 3827 1307 3904 ad-

193 3950 368 4047 mirandi,
391 3953 556 4026 miseram
579 3953 790 4053 patientium
814 3965 947 4026 sortem
969 3947 1143 4046 leniendi,
1157 3946 1307 4022 inevita-

194 4066 267 4142 bile
290 4067 404 4142 latum
427 4070 694 4170 praesagiendi,
717 4071 893 4172 hujusque
927 4093 1072 4142 musam
1104 4069 1143 4140 in
1179 4065 1308 4139 rimato

196 4184 367 4261 cadavere
389 4185 560 4261 intuendi.
585 4188 717 4262 Parum
741 4186 844 4262 nobis
868 4189 1015 4262 intereat
1029 4181 1152 4279 (salvo
1167 4203 1309 4282 semper

196 4302 408 4380 donatorum
441 4301 638 4404 planetu),
672 4303 785 4407 qualis
817 4306 872 4378 ‘sit
904 4305 944 4378 in
980 4301 1107 4376 clinico
1145 4299 1309 4372 instituto

195 4415 418 4494 mortalitatis
442 4422 642 4522 proporti03
664 4445 731 4495 nec
756 4445 913 4523 unquam
930 4419 1101 4521 optimam
1125 4413 1223 4490 illam
1249 4413 1308 4488 de·

116 4623 117 4628 ,
196 4537 406 4614 elambimus
431 4537 609 4641 scholam,
633 4567 722 4646 quae
748 4541 869 4640 nulla,
903 4539 961 4617 vel
997 4563 1109 4642 pauca
1144 4548 1309 4612 numerat
