3264 5194
1223 369 1291 444 155

180 489 301 591 primis
326 489 547 565 autumnales
571 502 608 562 et
631 499 839 589 quartanas,
862 489 992 588 partim
1014 487 1148 564 directo
1164 491 1293 588 modo,

180 611 308 709 partim
332 609 528 704 indirecto,
552 607 727 680 viscerum
752 604 1031 679 abdomiualium
1059 606 1291 687 infarctomm

179 751 282 824 ergo,
306 727 344 799 iu
371 725 551 827 hydropes
577 723 768 796 terminari.
792 723 836 795 In
866 736 1029 796 enarratu
1056 737 1175 796 tamen
1206 749 1290 796 casu

179 844 285 918 aliam
309 842 427 917 adhuc
453 869 665 918 concausam
686 843 725 916 in
742 841 981 943 progignenda
1004 841 1155 917 colluvie
1176 869 1293 916 serosa

179 967 417 1058 concurrisse,
440 963 498 1038 vel
522 962 605 1037 inde
630 964 976 1064 conjecturavimus,
1006 961 1103 1062 quod
1139 964 1178 1035 in
1217 962 1293 1036 aliis

179 1107 322 1183 quoque
347 1081 642 1182 aegritudinibus,
666 1080 713 1155 ab
752 1081 851 1154 omni
891 1079 1089 1154 diadreseos
1124 1079 1295 1182 dialeipy-

179 1225 261 1296 rae,
283 1199 341 1274 vel
366 1200 595 1300 emphraxcos
620 1199 796 1273 viscerum
820 1200 1019 1300 suspicione
1056 1195 1198 1295 liberis,
1236 1203 1289 1274 uti

179 1344 213 1392 v.
239 1345 269 1418 g.
294 1320 332 1391 in
356 1317 617 1392 rheumatismis
642 1311 776 1413 aeuus,
799 1331 838 1390 et
853 1297 1065 1417 pulmonum
1089 1315 1287 1391 inflamma-

153 1490 160 1503 ·
180 1437 356 1535 tionibus,
379 1435 569 1512 effirsiones
594 1461 746 1537 aquosae
762 1449 818 1509 sat
834 1434 1037 1535 frequenter
1060 1437 1293 1534 contigerunt.

179 1557 349 1656 Insignis,
372 1583 463 1659 quae
479 1556 548 1631 hoc
565 1581 687 1630 merrse
711 1557 838 1656 viguit,
862 1557 951 1636 aeris
976 1555 1182 1652 humiditas,
1204 1558 1295 1629 cutis
1339 1581 1340 1586 ¹

179 1677 217 1748 in
244 1675 421 1777 plerisque
446 1677 557 1775 aegris
583 1675 702 1771 arida,
724 1675 800 1747 sitis
826 1673 932 1748 etiam
967 1675 1007 1747 in
1042 1675 1135 1746 sanis
1159 1698 1294 1774 pauca,
1344 1684 1348 1699 ’
1380 1679 1381 1684 ’

180 1796 238 1870 vel
264 1796 381 1893 nulla,
405 1797 588 1870 urinarum
612 1797 714 1897 copia
739 1820 818 1868 eam
842 1808 948 1896 potus
971 1792 1173 1868 notabiliter
1197 1819 1296 1867 exce-
1419 1831 1422 1839 ν

180 1911 284 2011 deris,
309 1927 415 2016 atque
440 1928 564 1987 auctus
588 1913 879 1988 intumescentiae
904 1909 1148 1986 oedematosae
1170 1913 1207 1984 in
1228 1910 1294 2012 hy-

183 2032 357 2134 dropicis,
382 2033 518 2106 etiamsi
542 2028 693 2105 liberum
719 2029 825 2104 luerit
848 2028 1038 2125 lotii'iter,
1067 2027 1163 2103 haud
1187 2028 1294 2102 indil-

184 2150 330 2225 ferentia
355 2149 457 2224 nobis
482 2147 693 2224 videbantur
717 2163 941 2248 argumenta,
966 2147 1140 2249 equibus
1169 2148 1216 2223 ad
1238 2150 1293 2224 vi-

182 2269 356 2343 ridiorem
380 2266 632 2342 iulralatiouem
660 2293 725 2368 per
754 2267 850 2342 viam
880 2267 1079 2368 systematis
1110 2265 1293 2340 dermatici

180 2384 401 2461 concludere.
412 2385 514 2458 Hanc
526 2399 684 2460 nostram
700 2384 906 2486 opinionem
923 2385 1151 2462 corroborare
1175 2385 1293 2459 adbuc

182 2503 273 2603 juvit
297 2503 442 2603 insignis
467 2499 791 2604 diapborcticorum
807 2515 844 2575 et
864 2503 1097 2577 redeuntium
1120 2502 1295 2596 efficacia,

180 2649 272 2723 quae
289 2621 547 2697 elementorum
562 2645 740 2696 secessum
756 2626 918 2714 (mutum
936 2621 1171 2720 centrisugum
1186 2627 1198 2714 )
1214 2646 1295 2720 pro

181 2741 382 2836 movendo,
397 2739 599 2842 refraenant
616 2765 740 2815 eorum
755 2739 951 2839 ingressum
976 2745 1138 2832 (motum
1162 2741 1293 2812 centri-

183 2873 308 2958 petum
325 2866 354 2957 )3
387 2885 454 2934 nec
491 2883 567 2933 nou
601 2857 800 2933 emmaus
828 2885 849 2932 a
879 2857 982 2932 nobis
1023 2856 1148 2931 crmro
1177 2857 1295 2954 facta,

181 2974 260 3050 illas
286 2975 400 3050 febres
430 2977 724 3071 intermittentes,
757 3001 908 3076 quarum
942 2975 1145 3075 paroxysmi
1172 2971 1294 3070 nullo,

182 3094 239 3169 vel
262 3121 371 3196 parco
395 3093 524 3169 sudore
549 3093 805 3190 terminantur,
829 3093 868 3166 in
892 3091 1099 3195 hydropem·
1118 3117 1182 3192 per
1204 3094 1293 3166 emi·

182 3213 340 3287 neutiam
363 3215 451 3309 niti,
475 3213 585 3286 istum
609 3237 696 3288 vero
719 3237 782 3285 sua
811 3237 915 3316 saepe
949 3225 1076 3315 sponte
1111 3211 1294 3313 dissipari,

182 3330 212 3404 s'i
236 3322 364 3431 largior
387 3331 595 3405 restituatur
617 3328 823 3432 ephidrosis.

580 3589 687 3642 ΜΟΗΙ
708 3587 898 3640 aroaautct.

231 3801 352 3877 Ubera
371 3827 517 3877 casuum
533 3801 799 3904 sporadicorum
822 3803 944 3877 messis
968 3799 1203 3904 multiplicem
1226 3825 1292 3875 no·

182 3916 237 3992 bis
260 3919 424 4022 praebuit
447 3921 793 3996 ammadversionum
825 3923 974 4022 copiam.
1002 3919 1092 3995 Prae
1125 3919 1200 3994 aliis
1229 3917 1293 3993 ad-

183 4038 357 4139 tingamus
382 4041 556 4141 (praedam
579 4041 790 4116 Nemosium
814 4042 1027 4144 specimina,
1047 4039 1145 4118 vario
1162 4039 1293 4114 intuitu
1328 4119 1330 4122 ,

183 4158 363 4232 mentione
391 4157 507 4257 digna.

232 4271 484 4370 Calceolarius,
510 4270 557 4367 do
583 4297 693 4347 annos
718 4269 1000 4370 uatus,Baccl1i
1025 4284 1187 4369 strenuus
1222 4268 1295 4342 cul·

184 4405 269 4488 tor,
292 4391 655 4468 haemorrhoidalibus
679 4419 743 4495 per
773 4393 868 4468 vices
898 4391 1070 4466 obnoxius
1102 4388 1295 4486 molestiis,

184 4515 255 4611 jam
281 4537 301 4585 a
332 4510 504 4606 decenum
539 4509 684 4587 acerbae
720 4509 967 4612 gastrodyaiae
998 4505 1149 4586 insultus
1187 4531 1293 4612 expe-
