3252 5166
347 327 418 376 aro

342 419 544 520 hysterismi
569 423 606 496 in
632 421 790 517 lerninis,
807 425 853 495 ita
879 437 917 497 ut
934 424 1108 525 diagnosis
1127 453 1297 529 persaepe
1314 429 1463 504 dillicil·

342 533 425 608 bnra
450 533 578 634 latent,
601 538 669 610 nisi
703 563 859 613 seoessus
898 540 1173 640 fragmentorum
1209 546 1458 622 cucurbitino-

341 679 421 728 rum
446 681 553 732 omne
587 656 736 730 dubium
771 658 980 760 dispulisset
1020 661 1153 738 Taenia
1188 663 1322 738 Solium
1354 667 1460 740 inter·

340 785 512 848 nostrates
537 773 673 848 areolas
698 801 771 850 non
795 775 998 878 infrequens
1026 805 1104 854 esse
1132 779 1245 880 solet,
1274 781 1458 859 Bouroce-

339 891 466 994 phalas
489 893 581 972 latus
609 923 692 972 vero
717 898 922 972 rarissimus.

464 1047 470 1058 ’
644 1129 897 1319 Apin.
957 1133 1143 1274 1818.

736 1433 919 1494 names
1033 1439 1174 1492 emer
1239 1427 1404 1510 regum·

334 1601 494 1684 Altitudo
511 1609 864 1700 maximam-lt&
902 1611 1073 1705 opera&
1115 1639 1143 1686 r.
1185 1639 1212 1686 r.
1247 1634 1382 1712 grapa.
1449 1631 1452 1636 “

334 1721 793 1816 Altitudominima.n4
835 1755 863 1800 r.
902 1730 935 1802 8.
975 1757 1075 1831 ”²7·
1114 1733 1147 1825 4.
1182 1729 1216 1806 6.
1292 1730 1380 1806 nio.

333 1838 714 1918 Altitudomedia..n
740 1855 781 1929 4-
822 1871 856 1944 9.
875 1848 932 1940 da.
972 1881 990 1915 n
1016 1855 1144 1950 apro.
1183 1874 1214 1922 a.
1289 1849 1444 1951 spodi.

334 1955 546 2036 tussiendo
571 1960 721 2040 maxima
826 1991 860 2062 9.
898 1961 933 2041 6.
987 1957 990 1966 ’
1041 1988 1076 2036 o.
1114 1965 1147 2058 4.
1186 1989 1218 2068 7.
1324 1961 1378 2044 16.

348 2073 722 2177 intpgnyoffigmefflm
760 2077 983 2150 (iderrsdrs)
1033 2078 1148 2145 (diest)
1216 2079 1444 2154 (adletfiadrp)

332 2191 459 2269 Solsrrti
481 2207 518 2268 et
541 2187 695 2269 Fauonii
718 2193 917 2267 alternatim
941 2193 1123 2294 spirantes.

330 2309 476 2388 Initium
497 2297 630 2388 'mensu
653 2337 843 2408 serenum,
866 2310 1018 2408 docum,
1042 2325 1079 2384 et
1103 2309 1274 2412 frigidum
1307 2309 1444 2387 Noctes

330 2429 540 2532 pruinosae,
563 2431 650 2532 quin
676 2443 795 2506 mmen
820 2425 1014 2505 virentibus
1050 2428 1133 2501 satis
1166 2451 1294 2506 noxam
1328 2425 1436 2500 adtu-

331 2547 445 2623 lerint.
468 2549 596 2626 Primis
621 2546 744 2626 diebus
769 2547 903 2649 primae
932 2545 1158 2638 hirundines,
1188 2541 1309 2620 fideles
1345 2545 1440 2618 veris

330 2693 488 2770 augures.
512 2669 734 2747 Pedetentim
757 2663 1056 2742 inerubescentem
1086 2665 1294 2766 temperiem
1322 2663 1438 2739 imber

330 2785 494 2888 copiosus
518 2785 577 2864 die
606 2813 660 2863 12.
684 2784 920 2887 refrigeravit,
943 2781 1050 2859 flante
1083 2785 1192 2864 Euro.
1217 2783 1291 2874 Qut
1319 2781 1438 2886 pedis·

333 2927 441 3006 sequa
465 2902 523 2982 die
554 2903 606 2980 13.
631 2904 828 3001 irritemuit,
855 2903 1039 3004 Argestes,
1062 2901 1281 3004 bygrumetri
1315 2903 1437 2977 statio-

330 3047 414 3096 nem
439 3019 484 3098 ad
508 3021 635 3123 gradus
656 3021 715 3096 50.
733 3020 924 3122 depressit,
948 3047 1018 3122 qua
1035 3021 1208 3096 minorem
1225 3032 1302 3094 toto
1318 3005 1437 3094 'hoeoe

330 3156 424 3217 anno
448 3165 521 3216 non
547 3140 709 3220 vidimus.
732 3141 855 3216 Potior
878 3142 1008 3214 mensis
1032 3165 1113 3242 pars
1138 3137 1320 3237 nimbosa,
1352 3137 1434 3240 plu·

326 3261 405 3355 ria,
429 3274 466 3334 et
489 3258 690 3334 inclemens.
716 3258 961 3335 Eleotrioitatis
1000 3257 1274 3334 vicissitudines*
1293 3259 1435 3359 cornpi·

326 3401 434 3472 onae,
468 3375 527 3452 die
558 3403 610 3450 rr.
650 3377 703 3450 rs.
736 3403 793 3450 21.
824 3389 861 3450 et
891 3376 949 3449 30.
985 3375 1121 3476 fulgura
1158 3401 1241 3449 cum
1275 3373 1436 3470 tonitru,

326 3493 512 3591 grandine,
535 3507 572 3568 et
586 3493 727 3596 pluvia,
750 3494 963 3596 spirantibus
987 3495 1168 3596 Zephyris.
1200 3493 1316 3568 Ticini
1343 3491 1433 3566 llue·

326 3623 411 3704 tus,
435 3633 524 3712 quos
550 3610 835 3685 contabescentes
864 3614 901 3692 in
932 3609 1080 3712 Alpibus
1110 3613 1210 3686 nives
1239 3611 1371 3684 mirum
1393 3611 1434 3683 in

322 3725 469 3806 mamm
495 3743 687 3824 auxerunt,
703 3729 939 3807 conterminos
955 3729 1130 3809 inundant
1146 3754 1246 3829 agros
1268 3741 1305 3802 et
1320 3725 1434 3803 luoos.

721 3991 831 4050 nonai
851 3993 1037 4042 errarunt.

370 4203 450 4279 Non
476 4201 591 4277 solum
617 4205 704 4276 ratio
732 4203 970 4302 tempestatis,
1007 4203 1214 4303 segreiorque
1252 4197 1431 4300 vegetabi-

320 4318 406 4392 lium
432 4317 607 4414 evolutio,
631 4318 692 4392 sed
718 4319 824 4393 etiarn
849 4317 1042 4421 epidemloa
1066 4319 1272 4394 corastitutio
1298 4315 1430 4392 tardio-

320 4438 504 4518 romvun's
521 4437 714 4538 ingressum
734 4435 824 4515 ulare
841 4431 1138 4514 demonstrabant.
1156 4436 1263 4534 Quod
1281 4449 1430 4518 exeunte
