3228 5166
199 476 256 556 rel
279 502 385 578 oves,
407 473 466 554 vel
489 471 773 578 capelloe,'quae
790 476 971 552 tuuuutim
995 502 1059 578 per
1083 413 1308 556 1111ἀί1111-

198 598 363 700 palantur
396 610 518 700 prata,
552 596 703 696 patriam
736 594 955 697 postliminio
986 597 1184 695 rediturae,
1223 625 1308 672 eum

198 718 299 790 verni
324 713 497 816 zephyri,
521 710 707 812 frigoribus
732 711 887 808 ubertim
921 711 1114 789 laxaverint
1148 739 1291 790 annum

248 832 400 907 Omissis
425 829 564 931 pascuis
590 827 742 932 pullulat
764 830 802 904 in
819 855 902 928 agro
919 831 968 902 cis
990 831 1178 926 Ticinum,
1202 857 1312 931 aeque

199 976 241 1023 ae
266 950 305 1022 in
329 947 479 1020 finitima
512 944 732 1024 Laumetma
757 943 804 1019 ab
828 947 927 1046 aquis
952 945 1058 1046 longe
1083 945 1223 1047 lateque
1244 947 1313 1020 dii-

201 1065 288 1138 lusis
313 1065 440 1139 virenti
465 1061 601 1141 calamo
624 1063 764 1164 Oryza,
787 1063 905 1164 pedali
922 1089 1045 1163 aggere
1062 1066 1313 1166 circumsepta,

202 1209 293 1284 quae
319 1207 392 1256 uno
416 1207 500 1258 sune
535 1195 694 1283 ternpore
730 1184 867 1256 innatat
900 1181 995 1256 lente
1025 1185 1313 1286 percurrentibus

201 1300 383 1401 lymphis,
409 1313 570 1401 terraque
595 1299 768 1372 coalescit
795 1301 989 1400 Quousque
1014 1302 1087 1374 suis
1116 1303 1201 1376 risis
1226 1325 1313 1376 ccu-

200 1421 300 1491 tinuo
325 1419 566 1492 instaurantur
590 1441 701 1517 aquae
725 1415 893 1518 limpidae
924 1443 965 1490 nc
996 1431 1230 1519 temperatae,
1253 1417 1313 1506 vix¹

198 1537 431 1638 conspicuum
444 1537 695 1611 detrimentum
706 1535 912 1612 circumfluo
923 1539 994 1610 aeri
1006 1537 1169 1610 adierunt
1185 1559 1314 1638 oryzae

201 1670 359 1756 segetes,
383 1656 510 1756 quodsi
534 1681 619 1730 vero
643 1669 901 1746 maturescente
925 1681 1033 1755 grano
1060 1655 1314 1752 demittuntur,

197 1803 344 1852 resusa
377 1775 590 1852 messoribus
626 1803 771 1878 campus
801 1779 842 1850 iu
876 1803 1062 1852 coenosam
1096 1778 1315 1866 convertitur

199 1893 389 1994 paludem,
414 1919 504 1994 quae
521 1891 848 1968 contabescentibus
865 1893 1021 1995 stipulis,
1045 1896 1309 1994 innumerisque

198 2009 491 2086 animalculorum
526 2010 709 2111 generibus
744 2026 889 2114 putrore
928 2011 1103 2088 dissolutis
1145 2013 1312 2114 pestilera

197 2129 356 2231 mephite
381 2153 483 2203 auras
508 2129 628 2231 replet
653 2131 746 2205 Hinc
771 2130 962 2204 multifaria
987 2131 1069 2227 illa,
1094 2146 1200 2232 atquc
1223 2157 1309 2206 sou-

198 2249 269 2324 tica
293 2247 406 2345 mala,
431 2275 521 2350 quae
545 2250 582 2322 in
607 2251 849 2352 oryzariorum
873 2252 1010 2325 viciniis
1028 2250 1310 2345 debacchantur,

195 2367 333 2440 miseris
350 2365 484 2442 colonis
501 2367 651 2442 maxime
668 2369 870 2476 eommunia
889 2383 924 2442 et
940 2368 1098 2465 infensa,
1122 2369 1175 2441 uti
1193 2367 1307 2441 febres

194 2486 468 2560 intermittentes
492 2487 635 2588 pessimi
659 2487 789 2584 moris,
813 2485 1017 2562 diarrhocae
1037 2501 1074 2561 et
1088 2487 1311 2590 dysenteriae

193 2605 462 2709 colliquatirue,
486 2608 661 2682 viseerum
678 2606 907 2708 empbraxes,
923 2593 1103 2710 hydrops,
1121 2607 1308 2682 scorbutus
1405 2641 1407 2649 2

194 2740 233 2800 et
256 2725 418 2828 pellagra.
444 2726 524 2818 Qua
550 2725 595 2800 de
618 2751 658 2799 re
682 2725 885 2827 pmbandae
911 2727 1056 2799 omnino
1080 2738 1164 2798 suut
1188 2725 1306 2825 queri-

194 2844 335 2916 moniae
361 2844 517 2936 Currum,
543 2843 761 2938 Monctcru,
789 2857 826 2915 et
851 2843 1010 2915 anorrr
1037 2840 1309 2915 Mediolanensis

195 2959 289 3031 circa
306 2985 433 3060 oryzae
450 2958 627 3032 culturam
643 2958 748 3030 nimis
765 2955 1003 3056 divulgatam,
1027 2957 1088 3058 qui
1110 2957 1177 3031 viri
1194 2956 1311 3028 eximii

197 3071 348 3146 salutem
371 3073 494 3175 populi
519 3075 653 3174 magis,
677 3099 785 3175 quam
802 3073 1061 3147 conductorum
1077 3071 1309 3173 praedialium

196 3187 295 3264 lucra
312 3191 410 3266 cordi
427 3191 591 3265 habuere.
605 3191 760 3292 Antiqua
777 3203 907 3264 statuta
925 3191 1008 3264 anni
1030 3189 1123 3266 1550
1141 3203 1178 3264 et
1199 3189 1313 3286 1602,
1396 3175 1399 3182 ’

196 3337 288 3412 quae
312 3313 439 3415 oryzae
464 3327 597 3412 segetes
622 3311 668 3386 ad
692 3311 963 3405 determinatam
985 3309 1164 3412 quandam
1189 3309 1233 3384 ab
1251 3335 1308 3384 ur·

194 3430 301 3505 bibus
336 3447 373 3506 et
409 3431 548 3532 oppidis
582 3431 774 3533 majoribus
812 3430 1015 3505 distantiam
1049 3432 1283 3532 proscripsere
1299 3477 1311 3526 ·,

193 3551 300 3626 Anno
330 3553 423 3651 1809
447 3551 565 3627 denuo
598 3564 781 3646 revocate,
818 3549 993 3651 hodieque
1026 3551 1181 3646 sancita,
1223 3574 1307 3650 pro·

194 3670 361 3745 vitorum
395 3671 662 3771 Magistratuum
686 3667 867 3745 solertiam
890 3669 928 3742 in
953 3667 1086 3743 tuenda
1110 3667 1310 3743 accolamm

194 3785 309 3866 salute
334 3787 587 3862 demonstrant

281 3924 357 3989 Aser
377 3925 496 3988 Festos
514 3925 728 3988 Diuenasione
749 3945 838 4012 sopra
858 3920 888 3987 le
907 3923 995 4006 risaje
1015 3919 1095 3986 edil
1116 3921 1188 3985 riso.
1209 3918 1310 3984 Casei·

369 4027 531 4111 Muggiores
557 4027 645 4106 1787.

244 4149 390 4224 Praeter
416 4149 621 4224 innumeros
645 4148 725 4225 illos
751 4147 905 4244 rivulos,
935 4147 1017 4249 qui,
1045 4159 1233 4248 postquam
1263 4146 1311 4218 si·

192 4269 316 4344 nuosis
340 4265 555 4342 anlraetibus
580 4267 781 4343 suburbana
816 4267 959 4370 pmedia
989 4265 1247 4370 perrepserint,
1271 4267 1310 4338 in

192 4411 309 4486 pauca
334 4385 379 4460 ab
404 4385 492 4461 urbe
517 4385 701 4484 distamia,
724 4385 835 4462 veluti
851 4387 889 4460 in
906 4383 1031 4488 pelago
1048 4381 1244 4482 corrivant,
1259 4421 1311 4439 -·
1443 4399 1447 4408 ·

196 4503 325 4606 Papiae
353 4503 493 4609 plagam
519 4501 628 4582 udam
659 4503 806 4594 reddere
835 4509 934 4608 juvat
970 4501 1078 4578 Fossa
1105 4496 1311 4600 uarigabilis
