3264 5194
318 237 386 332 ¹ll

359 356 426 430 Die
452 379 507 428 21.
532 347 740 430 Novembris
764 354 802 426 in
828 351 992 427 Scbolam
1026 347 1189 434 clinicam
1212 347 1431 446 amandata,

310 485 348 547 et
370 471 522 546 examini
546 467 753 571 scrupuloso
778 497 897 545 coram
928 469 1109 571 discipulis
1145 467 1333 570 subjecta,-
1361 494 1427 540 se-

309 604 478 690 quentem
494 587 652 662 exhibuit
668 589 873 688 imaginem:
889 587 999 662 Dolor
1014 587 1185 684 obtusus,
1201 585 1427 686 profundus,

232 719 236 726 ’
312 708 500 780 continuus
523 707 560 779 in
585 707 719 780 orbitae
743 707 902 780 sinistrae
921 705 1137 802 meditullio,
1161 705 1289 778 comite
1313 729 1427 778 sensu

312 823 412 897 bulbi
437 821 530 898 oculi
554 823 781 898 vehementer
805 823 1004 918 constricti,
1019 821 1193 924 pervices
1212 820 1251 892 in
1274 844 1427 894 saevum

135 1031 138 1038 Δ
237 973 239 978 ’
312 957 350 1016 et
373 942 612 1016 acutissimum
641 941 828 1040 degenerat
858 954 1100 1037 tormentum,
1133 945 1230 1039 juxta
1267 937 1425 1012 dirama-

314 1063 448 1136 tionem
486 1059 586 1136 nervi
626 1059 771 1134 infra-et
799 1056 1081 1161 supra-urbitalia
1105 1055 1295 1153 diffirsum,
1323 1081 1428 1156 quo,

314 1178 399 1253 licet
422 1203 484 1279 per
508 1203 620 1278 pauca
646 1191 786 1252 tantum
809 1177 917 1254 borae
941 1175 1093 1278 scripula
1118 1177 1333 1271 ferociente,
1356 1201 1425 1250 an·

315 1295 507 1372 tomaticae¹
525 1293 767 1370 musculorum
792 1295 893 1369 faciei
918 1295 1167 1390 distentiones,
1191 1293 1287 1368 visus
1311 1289 1427 1365 obnu-

314 1413 465 1510 bilatio,
488 1409 675 1514 palpebrae
700 1413 928 1487 conniventia
946 1426 983 1486 et
1006 1437 1114 1512 genae
1138 1407 1266 1505 rubor,
1285 1406 1428 1508 illacry-

315 1531 452 1626 matio,
474 1529 583 1605 endor
605 1530 645 1603 in
669 1529 807 1624 fronte,
830 1531 1009 1632 tonusque
1025 1529 1181 1630 corporis
1197 1525 1427 1602 convulsivus

317 1663 449 1724 tremor
473 1647 704 1723 concitantur.
729 1645 860 1721 Dolore
895 1648 1040 1722 remisso
1071 1645 1248 1721 evanescit
1280 1643 1427 1744 quidem

318 1764 521 1838 satellitium
545 1763 740 1862 funestum,
765 1763 828 1838 sed
851 1777 1010 1838 remanet
1032 1762 1179 1862 languor
1203 1775 1240 1835 et
1263 1759 1427 1860 amblyo-

318 1881 403 1982 pia,
427 1907 718 1982 paroxysmorum
742 1882 857 1956 reditu
891 1882 1003 1956 indies
1038 1906 1206 1956 crescens.
1241 1879 1349 1954 blodo
1371 1877 1427 1952 illi

319 2023 479 2070 accessus
509 1995 663 2074 dolorosi
693 2000 961 2095 masticatione,
994 1997 1053 2074 vel
1085 1996 1225 2100 loquela
1262 1998 1430 2096 cientur,

319 2113 427 2188 modo
451 2139 515 2188 sua
539 2128 664 2215 sponte
680 2113 838 2189 redeunt
860 2114 1055 2218 Palpebrae
1070 2118 1229 2192 sinistrae
1245 2117 1429 2216 utriusque

322 2261 442 2335 margo
477 2261 622 2308 mucosa
660 2235 824 2338 spumula
863 2235 1042 2335 illinitus,
1075 2235 1168 2312 oculi
1202 2236 1432 2338 conjunctiva

320 2351 497 2426 sublivido
525 2351 653 2427 rubore
687 2353 843 2450 suffusa,
877 2380 1004 2428 cornea
1039 2368 1261 2454 transparens
1295 2350 1429 2426 annulo

322 2466 527 2542 candicante
552 2469 688 2567 cincta,
711 2470 845 2572 pupula
870 2470 1002 2571 ampla,
1017 2470 1196 2570 regularis,
1213 2469 1259 2543 ab
1274 2469 1430 2542 immissa

321 2583 403 2660 luce
427 2613 553 2687 parum
578 2601 751 2685 arctatur,
775 2589 813 2660 in
837 2587 938 2661 bulbi
963 2587 1073 2663 fundo
1097 2601 1216 2662 suetae
1240 2583 1429 2686 nigredinis

323 2706 402 2786 loeo
427 2707 640 2790 decoloratio
665 2708 994 2808 glauco-thalassina
1010 2708 1175 2810 adparet,
1190 2705 1431 2809 myiodeopsia

323 2839 361 2900 et
383 2851 653 2934 marmarygae3
676 2827 771 2901 visus
796 2825 931 2924 hebes,
961 2825 1099 2928 objecta
1129 2825 1176 2899 ad
1208 2837 1343 2898 certam
1376 2821 1431 2896 di-

324 2945 491 3016 stantiam
515 2942 728 3041 distinguere
753 2946 913 3039 nescius,
937 2943 1003 3016 nisi
1031 2941 1111 3016 luce
1146 2941 1316 3016 viridiore
1349 2936 1430 3012 illu·

323 3063 484 3157 minata,
508 3062 547 3134 in
571 3061 659 3134 iride
684 3060 782 3135 nulla
816 3062 1002 3136 morbosae
1030 3059 1356 3162 metamorphoseos
1379 3059 1432 3132 in·

325 3177 426 3254 dicia.
465 3179 581 3278 Caput
619 3205 750 3280 grave,
787 3181 925 3256 animus
959 3179 1158 3277 demissus,
1192 3203 1301 3278 genae
1331 3189 1431 3252 exue

185 3373 190 3385 ,
326 3295 456 3369 doloris
481 3321 660 3370 accessum
683 3296 858 3397 pallidae,
882 3323 921 3372 os
947 3325 1127 3394 amarum,
1150 3297 1334 3394 anorexia,
1348 3321 1432 3372 nau·

326 3440 402 3510 sea,
416 3415 512 3513 regio
529 3415 733 3514 epigastrica
757 3417 907 3492 rudioris
933 3419 1216 3493 contrectationis
1233 3419 1433 3520 impatiens,

326 3532 427 3606 alvus
450 3525 611 3631 morosa,
635 3536 756 3610 urinae
780 3535 947 3638 limpidae
972 3553 1009 3612 et
1033 3540 1212 3640 copiosae,
1236 3537 1332 3612 calor
1354 3563 1432 3613 nor·

326 3649 455 3747 malis,
488 3649 635 3750 languor
668 3653 798 3727 virium
834 3653 1115 3753 muscularium3
1148 3655 1236 3731 levis
1270 3681 1432 3750 marcor,

328 3769 449 3870 pulsus
474 3769 652 3844 tantillum
676 3773 801 3870 citati,
824 3775 951 3875 parvi,
976 3773 1122 3849 debiles.

380 3889 459 3961 Tali
484 3887 550 3962 snb
575 3915 696 3966 rerum
719 3907 811 3966 statu
837 3891 1003 3969 morbum
1025 3919 1091 3995 pro
1111 3889 1433 3995 Opbtltalrrrodynio

330 4005 704 4082 daumero-nervosa
729 4009 905 4084 declarare
930 4037 1003 4085 nou
1028 4011 1302 4108 haesitavimus,
1326 4009 1435 4085 omni·

330 4123 397 4198 bus
422 4123 554 4198 viribus
585 4125 729 4222 adnixi,
763 4139 803 4200 ut
839 4129 992 4202 enormis
1025 4125 1091 4200 illc
1119 4127 1239 4226 organi
1273 4125 1434 4228 patientis

331 4243 538 4320 eretblsmus
563 4247 785 4342 mitificetur,
809 4247 972 4324 incboata
998 4251 1153 4351 corporis
1182 4231 1283 4322 vitrei
1308 4246 1431 4354 depra-

332 4367 427 4447 vatio
451 4364 679 4468 (glaucoma)
704 4370 914 4472 corrigatur,
930 4384 1034 4474 atque
1051 4369 1239 4448 imminens
1261 4365 1432 4472 paralysis
