3252 5166
322 365 434 578 sicidae
458 476 592 554 calidae
616 479 780 577 guttatim
803 475 953 550 labentis
970 475 1041 574 ,de
1056 478 1338 572 constrictionis,
1362 504 1428 552 an·

199 693 202 702 .
322 598 481 697 gnstiae,
504 609 566 672 aut
589 594 755 697 ponderis
780 594 960 668 abdomini
987 593 1223 668 incumbentis
1256 619 1371 668 scrrsu.
1394 596 1430 668 A

323 716 471 794 minima
494 715 650 814 corporis
676 715 894 809 intentione,
927 711 986 788 rel
1019 711 1267 808 inclinatione,
1300 726 1431 808 motu,

320 847 452 933 pastu,
475 833 704 934 pathemate,
727 847 764 906 et
787 831 947 934 inprimis
978 858 1000 905 a
1029 845 1189 927 terrore,
1223 857 1329 931 quem
1362 832 1427 903 mi-

321 950 418 1030 nima
447 975 640 1050 provocare
665 952 863 1026 consuescit
887 975 970 1023 ansa
993 947 1246 1050 (panophobia
1259 954 1293 1046 ),
1315 947 1427 1022 mole-

322 1068 492 1143 stissimae
515 1094 580 1169 per
604 1081 720 1146 totum
743 1083 897 1170 systema
921 1093 1107 1164 rasorum,
1122 1082 1160 1141 et
1182 1065 1430 1170 praecaeteris

321 1188 360 1260 in
384 1186 463 1260 loco
486 1189 740 1288 anerrysmatis
764 1189 982 1289 proritantur
1004 1185 1245 1288 prdsationes,
1272 1211 1428 1284 angore,

322 1305 525 1406 dyspnoea,
554 1305 776 1403 scotodinia,
810 1305 868 1381 rel
898 1307 1005 1379 etiam
1040 1329 1197 1407 syncope
1231 1305 1426 1378 comitatae.

321 1423 353 1497 A
377 1424 534 1523 suspiriis
558 1421 719 1498 levamen
744 1424 1006 1520 transitorium,
1039 1436 1076 1497 et
1109 1423 1213 1523 pauci
1247 1423 1440 1495 momenti..

319 1541 542 1618 Eruthismus
566 1542 776 1636 somaticns,
791 1554 828 1614 et
851 1540 1040 1642 psychicus
1063 1541 1195 1613 mirum
1218 1541 1255 1610 in
1280 1539 1427 1613 modum

321 1661 543 1758 intenditur,
579 1660 677 1736 unde
713 1661 962 1763 peruigilium,
997 1658 1202 1760 proclivitas
1240 1659 1278 1732 in
1317 1661 1427 1732 animi

321 1781 602 1877 commotiones,
637 1780 849 1874 morositas,
883 1778 1079 1874 timiditas,
1108 1791 1226 1851 motus
1259 1778 1428 1878 spastici,

321 1927 413 2002 quae
436 1903 581 1998 omnia,
605 1902 644 1975 in
668 1899 845 1976 connubio
869 1929 950 1975 cum
980 1897 1312 1978 hallucinationibus
1344 1921 1428 1972 mox

321 2017 446 2092 adlatis
491 2017 779 2116 coenaesthesis,
812 2017 905 2094 illius
945 2017 1216 2094 holonevroseos
1262 2015 1429 2090 exhibent

321 2133 536 2231 imaginem,
559 2135 712 2234 quaein
736 2135 821 2208 viris
850 2133 1193 2234 hypoclrondriosis,
1226 2132 1438 2234 hystoriasis'

300 2251 360 2324 ·in
384 2249 522 2324 seminis
547 2250 654 2324 audit.
680 2249 787 2326 Color
811 2252 901 2323 cutis
936 2249 1142 2351 squalidus,
1171 2249 1313 2350 qualem
1343 2247 1438 2322 lolia·

323 2365 457 2443 caduca
481 2367 668 2469 praebent,
683 2369 868 2469 omnisque
885 2367 958 2441 lbra
974 2370 1123 2467 turgoris
1139 2366 1255 2442 vitalis
1271 2365 1431 2439 absentia

322 2485 483 2587 adprime
505 2483 782 2587 correspondent
807 2486 984 2585 sanguinis
1017 2486 1184 2586 penuriae
1217 2485 1256 2557 in
1291 2481 1429 2556 ambitu

321 2605 505 2704 corporis,
533 2603 789 2679 concertationi
822 2603 861 2676 in
896 2617 1026 2677 centro.
1062 2603 1265 2676 Catamenia
1299 2599 1431 2696 silent,

322 2720 381 2798 rel
404 2747 536 2822 parce,
560 2735 597 2794 et
620 2722 696 2794 sine
724 2719 842 2820 regula
871 2719 996 2794 fluunt
1031 2721 1237 2794 Omittimus
1270 2717 1429 2819 phem

322 2865 427 2916 mena
451 2839 558 2920 infida
583 2853 620 2914 ct
653 2838 907 2936 accidentalia,
941 2865 989 2912 ne
1021 2839 1208 2914 obscuram
1241 2837 1430 2912 reddamus

323 2961 533 3060 diagnosin,
556 2987 665 3061 quam
688 2960 862 3035 illustrare
886 2959 988 3034 nobis
1011 2961 1268 3061 proposuimus.

373 3080 455 3153 llari
480 3079 595 3153 solent
619 3105 694 3152 esse
719 3103 847 3175 casus,
870 3079 908 3151 in
933 3078 1062 3178 quibus
1085 3090 1330 3179 anevrysmata
1354 3101 1430 3149 aoru

221 3198 223 3209 ⁴
323 3210 382 3270 tae
405 3199 625 3298 provectiora
649 3198 894 3295 contiguorum
919 3197 1050 3271 ossium
1074 3219 1281 3296 compagem
1314 3192 1430 3266 illiba-

322 3327 398 3388 tam
422 3315 634 3415 rclinquunt
658 3317 729 3388 Pro
754 3313 890 3388 diversa
915 3315 992 3388 vitii
1016 3311 1285 3414 anevrysmatioi
1313 3323 1440 3384 exten·

322 3429 421 3502 sione
446 3455 528 3504 mox
552 3455 623 3502 nna
647 3430 846 3504 corroditur
882 3429 1071 3527 vertebra,
1092 3455 1189 3504 mox
1222 3429 1341 3525 duae,
1368 3424 1438 3502 ant'

324 3561 405 3621 tres.
441 3547 484 3620 Id
521 3573 606 3624 vero
631 3561 833 3622 constanter
857 3549 1013 3648 accidit,
1041 3548 1139 3651 qnod
1165 3547 1354 3648 ligamenta
1378 3548 1435 3619 in··

322 3663 583 3740 tervertebralia
617 3667 796 3767 processui
830 3665 1097 3748 exulcerationis
1127 3667 1285 3740 saniosae
1315 3663 1431 3737 reluc-

323 3767 463 3859 tantun
490 3784 526 3856 Si
560 3809 655 3881 nna,
689 3783 843 3860 alterare
875 3783 1035 3860 vertebra
1066 3781 1259 3859 notabilem
1294 3779 1433 3882 diplotts

323 3907 494 4002 jacturam
533 3901 580 3982 sit
615 3915 784 4001 experta,
821 3900 985 3976 columna
1026 3899 1174 3976 dorsalis
1211 3913 1432 4000 postmrsnm

323 4020 555 4114 incurvatur,
577 4015 709 4118 illaque
740 4020 896 4093 nascitur
929 4020 1061 4120 specics
1095 4015 1289 4120 cyphosis,
1322 4041 1431 4118 qnam

322 4151 552 4236 spontaneam
576 4149 712 4210 vocant
736 4135 810 4208 Sub
836 4136 898 4210 tali
922 4162 1041 4210 rerum
1073 4151 1230 4211 extremo
1253 4149 1347 4209 statu
1372 4131 1432 4208 vel

324 4255 429 4330 febris
454 4254 591 4328 hectica
626 4267 663 4326 et
698 4253 858 4354 atrophia
894 4253 1109 4356 purulenta,
1145 4251 1203 4327 vel
1237 4251 1432 4354 paralytica

324 4373 563 4456 membrorum
581 4371 746 4448 resolutio
763 4375 929 4474 tragicam
945 4401 1086 4449 scenam
1107 4373 1249 4448 claudit.
1261 4415 1311 4431 -
1324 4371 1431 4464 Quod

324 4517 409 4571 vcro
435 4494 539 4572 carici
562 4507 681 4572 ortum
705 4492 858 4595 adtinet,
875 4492 975 4572 illum
993 4507 1086 4572 certe
1110 4493 1251 4572 nonnisi
1276 4517 1319 4570 ex
1334 4489 1432 4568 lenta
