3148 5170
213 467 217 474 .
1197 403 1264 478 2'61

157 522 289 630 cerint,
315 519 501 624 pulmones
528 519 730 598 ‘admodum
765 520 916 622 turgidi,
957 521 1051 597 mole
1085 522 1200 616 acuti,
1234 535 1272 594 et

155 638 294 739 hepatis
318 640 551 736 bastardum,
576 659 658 716 cum
684 639 807 742 pleura
832 641 969 718 sortiter
994 641 1143 716 connexi
1160 639 1270 716 obre-

153 771 305 851 nernnt,
330 757 427 832 unde
450 755 639 832 indubium
663 759 817 835 enormis
842 757 1062 860 plasticitatis
1079 758 1272 832 liumorum

154 873 352 948 habebatur
375 889 633 975 argumentum.
667 877 703 948 Si
735 877 924 978 nosogenia
949 891 1056 978 atque
1086 874 1268 975 aetiologia

155 994 303 1090 anginae
339 993 628 1068 membmnaceae
663 993 898 1069 desideratam
923 986 1177 1096 perfectionem
1208 1018 1269 1065 ae·

157 1110 375 1209 munivisset,
393 1115 500 1186 etiam
516 1111 647 1186 similes
673 1138 773 1186 casus
799 1109 1027 1188 bmreclzits‘dis
1051 1107 1270 1188 calamitoso·

151 1219 348 1329 po'lyposuc
372 1227 526 1305 multum
551 1230 640 1306 lucis
665 1231 749 1308 inde
774 1231 1062 1338 adipiscerentur.

492 1465 719 1550 HISTORIA
743 1467 932 1545 TERTIA.

386 1703 627 1818 Anevrysma
659 1707 803 1790 Aortce
833 1703 1029 1791 centralis·

206 1932 424 2040 Rhedan'us,
462 1941 511 2034 46
548 1965 745 2039 annorum,
775 1941 1047 2045 temperamenti
1072 1929 1271 2036 irritabilis,

157 2062 266 2137 fibrae
291 2065 455 2158 strictae,
479 2077 517 2138 et
540 2077 695 2138 staturae
719 2087 910 2164 procerae,
934 2085 1034 2138 mero
1050 2063 1121 2162 jam
1138 2083 1158 2134 a
1175 2055 1269 2134 mul·

157 2182 203 2253 tis
228 2181 328 2254 anms
345 2180 488 2280 profuse
504 2179 707 2280 indulgens,
723 2181 918 2282 juventutis
934 2175 1059 2256 florem
1080 2175 1147 2252 sub
1170 2175 1268 2262 duris

156 2295 315 2371 bellicosi
343 2298 464 2372 Martis
491 2295 626 2373 vexillis
650 2297 794 2400 peregit.
819 2297 920 2370 Licet
948 2321 1032 2369 cnm
1062 2290 1178 2372 omnis
1209 2317 1271 2395 get

156 2415 251 2485 neris
276 2413 446 2488 molestiis
471 2429 578 2518 atque
594 2413 829 2492 incommodis
846 2411 1116 2491 colluctandum
1135 2413 1168 2488 ei
1185 2410 1271 2490 tuis-

157 2547 235 2628 set,
259 2548 421 2633 vegetam
445 2559 585 2638 semper
615 2533 839 2610 conservavit
871 2531 1042 2627 salutem,
1076 2531 1143 2610 nisi
1178 2529 1270 2606 cxci·

155 2656 233 2754 pias
259 2653 400 2729 talionis
424 2659 578 2755 poenam
603 2679 624 2726 a
647 2653 790 2727 sordida
828 2665 865 2726 et
899 2649 1085 2750 tulvivaga·
1114 2649 1273 2752 Cypride

157 2768 345 2868 indictam,
370 2777 471 2874 cujus
495 2771 626 2848 dolosis
643 2772 807 2844 incantus
824 2765 949 2843 erebro
971 2767 1155 2868 indulgens
1171 2765 1271 2844 blan·

157 2889 344 2986 dimentis,
368 2889 487 2965 ulcem
512 2904 619 2991 atquc
644 2887 857 2992 ecphymutn
886 2888 925 2961 in
961 2885 1120 2988 partibus
1148 2889 1271 2964 veren-

156 3009 211 3082 dis
249 3011 446 3107 contmxit3
469 3033 585 3112 neque
619 3007 688 3082 luis
713 2984 922 3082 universalis
957 3021 1079 3083 cesum
1114 3004 1269 3108 effugere

157 3129 297 3228 potuit,
327 3126 375 3201 ob
409 3125 525 3203 morbi
555 3127 681 3227 suique
714 3125 824 3227 ipsius
859 3122 1068 3225 neglectum
1106 3123 1270 3200 Tandem

155 3245 224 3319 sub
249 3273 316 3319 usn
341 3245 544 3320 frictionnm
570 3241 832 3319 Mercurialium
857 3241 1058 3340 convaluit,
1081 3255 1188 3344 atque
1208 3267 1268 3318 ca*

155 3363 284 3456 strgnsi
308 3360 509 3435 valedicens
533 3361 627 3436 ritae
652 3357 698 3434 ad
731 3383 813 3434 snm
848 3358 977 3434 redivit
1009 3359 1117 3434 Lares
1128 3407 1144 3454 ,
1178 3357 1267 3434 fabri

157 3461 242 3557 molt
272 3481 429 3582 lignarii,
465 3505 548 3554 mox
582 3481 697 3554 cisiari
733 3481 875 3580 opificio
910 3479 1081 3554 addictus.
1115 3478 1171 3556 Ab
1204 3479 1268 3558 illo

156 3611 316 3701 tempore
340 3599 479 3699 saepius
503 3597 833 3672 haemorrlroidibus
859 3599 973 3672 coecis
999 3599 1151 3674 exerceri
1184 3623 1266 3674 coe·

155 3721 230 3820 pit,
253 3715 381 3820 quibus
406 3713 623 3790 stillicidium
648 3729 775 3816 sponte
800 3713 967 3790 obortum
992 3739 1056 3816 per
1086 3717 1180 3791 vices
1214 3741 1268 3792 re·

155 3835 274 3918 medio
298 3829 374 3907 luit
399 3831 604 3906 Exantlavit
619 3832 707 3906 drias
725 3831 839 3906 febres
855 3834 1143 3931 intermittentes,
1158 3849 1265 3937 atquc

157 3951 274 4025 denuo
298 3947 574 4051 hydrargpnosin
598 3947 716 4022 subire
741 3948 865 4024 debuit
889 3951 927 4024 in
956 3951 1103 4052 gratiam
1128 3949 1267 4026 savinae

154 4067 376 4168 syplriliticae
402 4091 475 4140 non
499 4067 641 4167 penitus
666 4068 850 4142 extinctae.

203 4186 298 4258 Dum
322 4183 629 4286 qrradragesimum
665 4184 861 4287 adtingeret
885 4185 1009 4260 aetatis
1034 4204 1189 4284 annum,
1221 4184 1267 4262 ab

155 4303 299 4378 adversa
325 4305 466 4380 fortuna
492 4317 721 4406 persecutus,
746 4307 847 4382 novis
883 4305 1053 4381 continuo
1090 4307 1270 4382 aerumnis

155 4421 364 4522 implicitus,
388 4423 554 4525 gravique
578 4445 740 4497 moerore
777 4447 987 4524 oppressus,
1021 4423 1155 4526 primos
1184 4449 1265 4526 per-

154 4543 340 4617 sentiscere
366 4545 502 4647 occepit
541 4541 693 4619 crudelis
731 4539 840 4618 cladis
875 4567 1140 4647 praecursores,
1175 4569 1266 4648 qnae
