3228 5166
239 473 343 574 dem,
366 477 405 550 ni
432 475 552 572 fallor,
577 477 710 584 priores
727 505 747 551 a
765 477 923 552 tensione
945 479 1121 581 negativa,
1138 484 1349 588 posteriores

238 598 454 698 apositiva,
493 596 694 698 rapidisque
729 597 1036 673 vicissitudinibus.
1071 603 1114 674 ln
1139 589 1222 701 agro
1252 597 1347 674 Tici-

238 714 339 786 nensi
376 715 560 813 utriusque
595 702 729 811 generis
764 712 862 786 labes
901 713 1112 790 crebenime
1153 743 1351 815 occurrere,

239 829 325 930 ipsis
350 829 506 930 prolenis
530 853 604 902 non
629 843 683 903 est
706 829 875 928 ignotum.

288 945 332 1016 In
357 943 571 1044 amplissima
597 945 757 1020 convalle
782 947 1001 1048 Cispadane,
1026 955 1126 1052 eujus
1150 965 1286 1051 partem
1303 953 1351 1025 el·

239 1065 313 1136 licit
338 1089 419 1162 ager
443 1077 581 1161 noster,
604 1065 740 1138 nullam
763 1065 1032 1142 determinatam
1057 1069 1243 1145 observare
1269 1071 1353 1146 licet

238 1197 418 1255 ventorum
442 1183 671 1258 directionem
696 1185 922 1284 periodicam.
961 1187 1116 1262 Possunt
1151 1203 1271 1262 tamen
1296 1217 1351 1264 se·

239 1313 386 1399 quentes
411 1297 547 1400 regulae
564 1301 877 1398 arremometricae,
894 1315 1075 1403 tamquam
1092 1305 1351 1379 communiores

237 1418 365 1512 statui,
400 1415 743 1517 emetecrologicis
785 1419 1070 1520 ephemeridibus
1112 1420 1351 1522 depromptae.

238 1535 409 1612 Omnium
435 1535 706 1638 frequentissimi
730 1551 815 1610 sunt
838 1541 931 1610 tenti
952 1538 1071 1612 solani
1087 1539 1198 1631 (Ost)
1219 1537 1265 1612 ab
1282 1539 1352 1612 on's

237 1655 404 1734 Adriatici
429 1659 534 1729 maris
558 1657 750 1755 spirantes,
774 1655 982 1758 plerumque
1007 1657 1193 1757 temperati
1219 1671 1255 1732 et
1279 1657 1348 1729 hu·

236 1774 347 1870 midi,
371 1801 437 1848 nec
462 1801 535 1848 nou
564 1775 604 1844 V
602 1775 768 1847 ultumas
792 1773 996 1870 (Sed-Ost,
1020 1775 1183 1850 Sciroeco
1199 1781 1248 1868 )e
1273 1775 1352 1848 Pla·
1419 1803 1426 1814 ·

238 1893 374 1964 eetrtiae
398 1891 507 1992 plagis
532 1889 633 1966 nobis
659 1891 843 1988 advectus,
859 1892 921 1993 qui
937 1891 1114 1968 ordinanti
1135 1917 1210 1966 esse
1235 1892 1352 1968 solent

239 2005 440 2108 pluviarum
463 2009 653 2107 pineema3
676 2010 849 2108 posterior
872 2009 1002 2110 hyeme
1027 2009 1185 2105 nivibus,
1219 2025 1351 2084 aestate

239 2127 324 2198 atris
348 2140 385 2208 et
408 2123 544 2224 fulgure
569 2127 719 2225 gravidis
744 2125 900 2200 nubibus
923 2125 1149 2202 obsecundat
1165 2171 1216 2184 -
1232 2125 1349 2201 Fauo·

240 2249 309 2318 niis
349 2241 509 2338 (West)
544 2247 677 2318 siceum
713 2247 947 2348 frigidumque
984 2247 1155 2328 debemus
1191 2261 1353 2349 tempus3

239 2389 348 2464 quare
371 2389 511 2468 semper
534 2361 797 2461 desiderantur,
820 2361 908 2438 dum
931 2363 1062 2438 densae
1078 2365 1183 2440 nimis
1207 2363 1270 2441 diu
1293 2364 1351 2439 in-

239 2481 371 2556 cubant
394 2481 553 2556 nebulae.
577 2523 628 2548 -η
656 2481 767 2574 Venti
788 2481 960 2560 australes
976 2489 988 2576 (
1005 2482 1122 2579 sud),
1138 2481 1241 2558 nobis
1266 2480 1353 2576 rari,

239 2599 301 2699 qui
326 2600 431 2675 maris
467 2623 656 2700 aequorem
692 2613 864 2696 verrunt,
899 2599 1237 2701 Apenninommque
1272 2603 1353 2700 juga

239 2732 469 2819 percurrunt,
494 2715 688 2817 plurimum
719 2723 791 2819 jam
827 2715 1055 2812 deferbuere,
1091 2731 1281 2818 antequam
1305 2715 1353 2790 ad

239 2859 305 2908 nos
321 2835 568 2934 pervenerint3
583 2833 733 2908 libenter
749 2833 971 2935 pluviosam,
994 2835 1175 2934 udumque
1199 2833 1353 2907 reddunt

240 2951 389 3026 eoelum.
413 2993 465 3006 -
488 2947 726 3052 Aqau‘loruuus
761 2965 884 3024 contra
919 2949 1023 3024 ssatus
1054 2950 1182 3043 (Nord
1197 2957 1229 3046 ),
1262 2977 1352 3050 quos

241 3065 347 3168 Alpes
372 3083 564 3164 evomunt,
588 3069 647 3141 vix
671 3095 745 3142 non
769 3082 972 3142 constanter
995 3067 1164 3164 violenti,
1187 3066 1292 3169 gelidi
1316 3081 1354 3142 et

241 3187 347 3283 sicci,
371 3213 454 3261 mox
478 3189 652 3261 minantes
677 3187 848 3290 procellas
874 3187 1089 3289 dispellunt,
1112 3213 1197 3262 mox
1221 3188 1353 3289 impro-

241 3309 333 3380 visas
358 3305 544 3402 adierunt,
574 3305 790 3406 praenuncio
824 3303 1019 3406 plurimum
1047 3303 1198 3385 turbine
1234 3304 1354 3396 Quen·

240 3422 359 3525 doque
383 3424 499 3496 media
515 3437 645 3496 aestate
662 3423 750 3497 adeo
766 3423 915 3524 rigidam
931 3422 1086 3500 reddum
1106 3419 1353 3524 tempeslatem

240 3544 337 3616 renti
362 3541 408 3616 ab
431 3543 539 3616 Arcto
563 3542 760 3643 spirantes,
776 3555 817 3616 ut
832 3543 950 3645 potius
970 3541 1173 3644 hyemalem
1188 3555 1353 3644 putares,

238 3660 346 3762 idque
371 3685 444 3734 non
467 3661 543 3732 sine
560 3659 655 3759 gravi
672 3658 795 3738 salutis
810 3657 990 3762 periculo3
1009 3653 1239 3759 improvisam
1252 3661 1353 3738 eninr

240 3776 504 3873 catarrlrorum,
529 3775 776 3874 flammatum,
800 3776 1029 3876 magicarum,
1060 3775 1291 3877 pleuritidum
1316 3789 1354 3848 ct

238 3899 609 3999 peripneumoniarum
633 3897 817 3971 eohortem
841 3923 885 3970 ex
914 3893 1050 3996 templo
1073 3893 1225 3970 suboriri
1252 3893 1353 3969 vide*

239 4043 328 4092 mus.
353 4017 490 4111 Quodsi
514 4031 636 4094 contra
662 4015 868 4116 perplures
904 4040 1047 4116 prorsus
1080 4011 1211 4088 sileant
1247 4011 1353 4108 dies,

238 4133 482 4236 atmosplraera
520 4131 688 4207 convallis
724 4131 942 4233 Cispadanae
978 4130 1143 4206 facillime
1178 4127 1353 4204 excande2

236 4259 326 4353 scit,
351 4281 391 4330 ae
408 4255 597 4328 multifaria
615 4253 821 4350 hominum,
837 4251 1095 4352 brutorumque
1119 4248 1222 4324 saluti
1249 4249 1355 4322 struit

238 4375 389 4471 damna,
414 4374 565 4446 maxime
590 4399 675 4446 vero
701 4373 841 4446 inlimae
867 4370 1091 4474 plebeculae,
1115 4395 1207 4470 quae
1231 4393 1353 4446 neces.

239 4497 358 4592 seriis,
383 4507 423 4566 ut
447 4491 753 4592 molestissimum,
787 4517 854 4568 nec
892 4492 987 4570 horis
1025 4491 1207 4568 nocturnis
1232 4492 1352 4567 remit·
