3252 5166
322 315 326 320 '
345 305 417 398 ²24

343 435 417 494 tem
440 423 478 496 in
503 417 665 518 exordio,
682 419 795 520 aliqua
823 419 1047 519 complicatio
1071 443 1188 499 comes
1204 419 1298 514 ibat,
1317 425 1353 492 irr
1404 441 1460 493 πι-

341 535 732 635 matorr'o-catardtose,
757 535 812 610 vel
834 541 1189 639 gesturo-pinotere,
1204 535 1352 638 ideoque
1369 564 1461 636 apy·
1581 633 1585 646 1

343 657 469 730 retices
493 657 651 732 inducias
677 681 749 730 non
778 653 997 751 offerebant,
1031 653 1098 728 nisi
1132 655 1231 754 prius
1264 652 1459 752 depos-atae

343 771 484 846 foer-int
509 773 646 848 Eadem
672 785 820 874 utroquo
845 772 883 842 in
909 797 992 846 mrsu
1016 770 1358 844 subministravimus
1383 797 1458 844 me·

342 891 563 989 dicanrenta,
587 892 718 991 quippe
743 889 954 990 aperierrtia,
978 885 1109 962 blande
1133 887 1306 963 solventia
1331 902 1368 962 et
1383 889 1457 968 dia·

342 1007 523 1108 phoretiea
542 1063 553 1104 ,
575 1005 710 1080 nnllam
741 1007 837 1080 eninr
872 1004 1094 1082 essentialem
1128 1007 1224 1080 inter
1257 1007 1457 1108 praedictos

343 1123 562 1199 characteres
588 1123 725 1197 febriles
763 1121 991 1198 arlrnittimas.
1020 1119 1151 1217 Febrer
1174 1129 1456 1224 gasuopturiro

343 1265 403 1316 sae
426 1243 634 1344 epitlemmue
658 1240 761 1315 nobis
791 1239 841 1312 nil
876 1239 973 1314 aliud
1009 1266 1085 1316 esse
1122 1239 1315 1337 videntur,
1347 1267 1457 1342 quam

343 1362 457 1435 febres
482 1360 703 1435 eamrrhosae
728 1386 812 1432 eum
836 1359 1006 1434 eminenti
1029 1361 1192 1459 passione
1218 1359 1294 1432 tubi
1320 1373 1454 1458 gastro-

343 1481 498 1555 enterici.
524 1477 834 1572 Quemadmodum
859 1477 1064 1552 dominante
1089 1477 1262 1577 epidemia
1295 1475 1456 1578 byberrm

343 1597 601 1680 vicissitudines
632 1595 929 1696 atmosphaericae
964 1595 1104 1694 organis
1125 1592 1342 1696 spiritalibus
1376 1594 1458 1668 insi·

343 1715 419 1790 dias
444 1727 613 1810 struunt,
635 1714 685 1786 ita
710 1711 898 1812 adpetente
924 1711 1174 1786 constitutione
1199 1735 1335 1806 verna,
1366 1737 1456 1810 quae

343 1833 523 1907 ordinario
548 1829 725 1911 officinam
759 1827 1025 1906 adsimilationis
1058 1827 1197 1903 laedere
1233 1831 1458 1925 cormueseit',

345 1949 527 2048 temperiei
561 1949 770 2023 variationes
805 1945 947 2046 rapidae
980 1945 1132 2020 intubo
1169 1949 1460 2046 gasrreenmice

347 2071 501 2172 potiores
539 2071 735 2144 rsactionea
767 2063 973 2169 coercitam,
1008 2095 1095 2168 quas
1138 2067 1278 2144 uberior
1311 2071 1459 2144 secretio

346 2185 469 2286 muci,
495 2183 552 2258 vel
587 2185 753 2258 humores
788 2185 960 2282 enterici,
995 2199 1100 2285 atrlue
1133 2183 1238 2258 lbbris
1273 2185 1458 2262 confestim

346 2315 551 2402 sequnntur,
577 2301 738 2402 Utroque
763 2302 802 2374 in
826 2327 909 2374 casu
940 2303 1158 2402 refrigerium
1194 2305 1284 2378 sistit
1313 2330 1460 2394 causam

350 2419 667 2521 procatarotioarn,
701 2419 792 2492 cutis
827 2417 990 2518 praebet·
1007 2420 1137 2494 atrium
1173 2419 1312 2516 morbi,
1345 2433 1455 2521 atque

346 2537 551 2616 membrana
577 2535 721 2610 mucosa
744 2535 961 2611 substratam
986 2538 1140 2638 largitor.
1164 2538 1365 2616 Differentia
1390 2539 1457 2638 igi.

346 2673 406 2730 tur
430 2656 608 2732 catambos
634 2671 755 2732 acutos
780 2657 917 2732 fistulae
940 2657 1104 2763 spiritalis
1129 2661 1238 2755 inter,
1262 2673 1300 2734 et
1324 2658 1459 2734 febrem

340 2776 684 2876 'gastro-pituitosam
707 2777 848 2850 uomisi
864 2777 902 2848 in
919 2777 1015 2850 varia
1033 2777 1115 2852 sede
1132 2778 1303 2878 passionis
1319 2777 1460 2873 localis,

347 2909 384 2968 et
408 2896 445 2967 in
462 2895 559 2968 vario
575 2893 685 2993 gradu
709 2893 921 2974 incitationis
953 2919 1118 2968 vasorum
1147 2893 1386 2996 capillariam,
1411 2895 1459 2970 ad

348 3007 508 3084 altiorem
532 3009 728 3108 potentiam
752 3022 921 3106 evectae,
943 3008 1058 3108 latet,
1081 3011 1131 3084 ita
1156 3023 1197 3083 ut
1220 3009 1258 3083 in
1282 3011 1349 3084 ista
1373 3012 1458 3084 sim·

347 3127 478 3229 plicern
502 3155 543 3202 ac
567 3127 781 3202 levissimam
805 3131 1062 3227 irritationem,
1086 3132 1125 3205 in
1155 3129 1217 3206 illa
1247 3131 1459 3234 plerumque

348 3273 470 3326 veram
494 3246 680 3348 phlogos'm
704 3262 913 3349 praesentet

398 3367 529 3445 Iisdem
553 3367 714 3440 remediis
731 3369 893 3470 ,quibus
923 3367 1230 3468 complicationem
1264 3369 1460 3472 abstergere

349 3485 582 3580 tentavimus,
607 3501 648 3560 nt
673 3485 777 3561 febris
801 3489 1036 3562 intermittens
1062 3487 1211 3593 simplex
1235 3490 1370 3565 reddita
1388 3493 1460 3566 suis

349 3601 493 3675 tandem
517 3603 622 3675 armis
647 3605 841 3704 oppugnari
866 3607 1004 3705 possit,
1028 3607 1142 3707 ipsam
1171 3607 1346 3681 diatlresin
1383 3607 1460 3682 dia·

347 3719 552 3822 leipyricam
577 3747 743 3824 persaepe
767 3726 986 3824 supprimere
1017 3726 1120 3800 nobis
1156 3729 1311 3827 contigit
1349 3729 1459 3803 Seeus

348 3838 393 3914 'ad
418 3839 649 3941 antipyretica
674 3841 861 3940 confugere
885 3845 1050 3943 oportuit.
1083 3845 1164 3918 Rari
1198 3845 1297 3920 frere
1330 3841 1462 3940 casus,

349 3960 411 4058 qui
436 3959 582 4033 Corticis
606 3961 789 4061 peruviani
814 3987 882 4064 ope
905 3961 1128 4063 indigebant,
1150 3964 1360 4068 plerumque
1386 3968 1463 4042 suf„

351 4077 506 4151 fecerant
529 4077 682 4154 remedia
707 4105 846 4178 amara,
870 4083 1082 4178 aromatica,
1107 4099 1144 4158 et
1167 4084 1391 4160 subemetioa.
1417 4089 1461 4162 ln

351 4195 480 4270 femina
506 4195 659 4271 sensibili
693 4195 824 4272 febrem
856 4201 1041 4275 tertianam
1076 4201 1172 4302 largo
1203 4206 1379 4284 vesicantc
1415 4206 1463 4282 ad

350 4316 575 4420 tpigsstr'ium
600 4315 767 4419 adplicito
791 4319 967 4424 extemplo
993 4321 1206 4400 sustulimus}
