3148 5170
1197 373 1269 450 263

157 489 265 564 ticam
290 489 448 591 delatus,
471 507 677 595 sequentem
702 491 861 568 exhibuit
875 489 989 568 morbi
1012 506 1165 568 statum:
1189 489 1269 567 Nox

155 608 299 710 placido
322 635 449 686 somno
473 625 669 710 transacta3
693 623 801 714 caput
825 635 952 712 grave,
969 608 1160 686 'oculorum
1184 608 1270 684 cali·

157 729 274 826 gotio,
297 727 453 830 pupillae
478 727 663 826 dilatatae,
682 727 952 832 physiognomia
969 725 1036 799 snb
1053 725 1271 801 adversitati

156 845 359 922 narratione
400 847 560 923 animum
598 845 788 949 valdopere
825 857 1044 919 commotum
1076 843 1272 946 expressit3

157 961 287 1034 mentis
311 959 467 1063 plenaria
492 965 710 1065 praescntia3
733 961 852 1062 lingua
877 959 1011 1035 munda
1036 975 1073 1034 et
1096 955 1272 1059 humida,

158 1077 261 1152 faciei
292 1093 329 1152 et
359 1075 535 1154 labiorum
571 1079 686 1182 pallor
710 1099 853 1174 cereus,
876 1077 982 1152 satias
1006 1101 1146 1153 morose
1170 1075 1271 1154 cibo·

160 1223 267 1294 rum,
289 1199 366 1273 sitis
390 1198 518 1296 multa,
542 1211 665 1300 pectus
682 1196 728 1270 ab
744 1196 842 1272 omni
857 1193 938 1271 labe
954 1197 1133 1294 immune,
1156 1195 1272 1272 corffis

158 1334 278 1394 motus
309 1318 501 1416 obscurus,
532 1315 720 1418 regulum,
747 1314 900 1418 pulsatio
930 1315 977 1392 ad
1005 1315 1180 1392 'stomachi
1215 1337 1272 1392 re·

160 1437 301 1534 gionem
334 1435 423 1512 adeo
453 1424 576 1531 sortis,
612 1448 651 1509 ut
682 1431 863 1508 admotam
903 1449 1053 1510 manum
1087 1432 1274 1510 visibiliter
1331 1419 1335 1428 ¹

160 1550 368 1649 adtolleret,
402 1549 621 1654 aequabilis,
654 1547 782 1625 ictibus
806 1549 923 1650 cordis
962 1549 1192 1653 synchrono,
1227 1545 1274 1628 ad

159 1669 472 1776 hypochondrlum
487 1672 666 1746 sinistrum
683 1681 720 1744 et
735 1665 945 1744 umbilicum
959 1683 1147 1772 protensa,
1168 1667 1271 1746 dolor·

159 1793 199 1866 in
224 1789 350 1867 eodem
374 1789 454 1865 loco
479 1787 646 1886 obtusus,
676 1805 805 1883 urens,
834 1789 951 1886 linus,
982 1809 1003 1863 a
1027 1783 1160 1864 rudiori
1187 1809 1274 1867 con*

160 1913 368 1986 tractatione
392 1905 655 2003 increbrescens,
679 1895 843 1981 radiatim
858 1925 924 2008 per
943 1907 1179 1982 conterminas
1194 1927 1276 2010 pan

161 2042 215 2102 tes
240 2019 409 2123 diffusus,
433 2049 543 2124 angor
565 2036 601 2097 et
624 2023 866 2124 βλεστριςμος,
890 2023 1042 2100 maxime
1066 2021 1154 2097 dum
1178 2021 1274 2122 regio

163 2145 368 2246 cpigastrics
398 2137 717 2241 comprimebatur,
741 2140 877 2214 arauris
908 2163 982 2214 non
1011 2137 1272 2240 levans31um÷

159 2259 273 2360 bago,
307 2259 463 2333 territus
492 2253 594 2332 dolor
627 2247 674 2332 ad
703 2247 820 2331 lemur
849 2257 1055 2356 sinistrum,
1084 2256 1185 2333 al'rus
1211 2257 1288 2333 ad·
1445 2277 1451 2287 ·

159 2380 301 2474 sareu,
324 2377 446 2451 urinae
470 2364 658 2477 limpidae,
680 2371 852 2451 lassitudo
875 2390 1038 2474 summa,
1064 2373 1187 2478 pulsus
1212 2399 1273 2452 ces

159 2495 269 2592 lenas,
293 2493 420 2590 eriles,
442 2491 588 2594 rhytmo
612 2515 654 2568 ac
678 2505 840 2596 tempore
863 2491 1075 2596 inaequales.
1090 2529 1142 2553 -·
1158 2493 1275 2600 Scopo

158 2639 257 2694 mere
280 2613 462 2716 palliativo
483 2605 588 2688 liores
612 2615 711 2689 finci
737 2639 821 2688 cum
845 2613 1002 2716 paruillo
1028 2613 1275 2718 camphorae,

22 2745 27 2758 '
164 2731 340 2806 alixirinm
365 2725 507 2804 acidum
532 2723 666 2804 llalleri
690 2752 733 2804 ex
749 2756 842 2832 aqua
858 2729 1275 2830 Chamomillae,·emul·

162 2851 301 2922 sionem
324 2835 601 2948 Amygdalarum
625 2871 693 2948 pro
715 2861 827 2950 potu,
852 2861 889 2922 et
912 2847 1126 2950 epithemata
1151 2841 1275 2953 frigide

159 2989 267 3066 super·
291 2960 517 3065 epigastn'um
541 2962 792 3039 ottrannus
808 2960 1007 3040 -Versus
1024 2962 1150 3042 horam
1166 2993 1273 3070 quar*

160 3097 235 3158 tarn
259 3079 537 3182 pomeridianam
553 3082 650 3182 gravi
667 3083 855 3188 corripitur
871 3107 1028 3186 syncope
1045 3081 1162 3160 media
1179 3086 1273 3159 inter·

162 3201 336 3302 colloquia
366 3225 449 3274 cum
474 3199 671 3298 adfinibus,
696 3214 733 3276 et
747 3227 860 3303 pauca
880 3216 963 3304 post
978 3216 1160 3279 momenta
1176 3197 1276 3279 omnl

83 3409 85 3413 v
161 3321 321 3424 privatur
345 3321 438 3396 vitae
462 3318 615 3420 indicio,
639 3314 843 3397 mortalium
868 3319 998 3398 cedens
1027 3321 1110 3400 sato.

521 3575 694 3634 tororsrt
719 3577 917 3636 mmm.

156 3873 170 3902 0
212 3789 380 3894 Corporis
395 3777 597 3895 superficies
613 3817 736 3893 cerea,
759 3791 869 3869 durae
884 3807 921 3869 et
943 3793 1024 3896 piac
1047 3794 1170 3869 matris
1192 3815 1278 3870 vata

163 3937 289 3988 cruore
311 3912 453 4012 inopia,
477 3909 653 4014 collapsa,
676 3914 713 3987 in
738 3915 886 3988 cameris
911 3911 1045 3988 cerebri
1062 3927 1099 3987 et
1114 3913 1161 3988 ad
1176 3911 1278 3988 basin

164 4033 274 4108 cranii
309 4031 407 4106 haud
440 4031 645 4108 indifferens
674 4031 809 4108 ’effusio
834 4035 923 4131 seri,
946 4031 1135 4135 hydatides
1160 4032 1278 4108 varim

163 4149 414 4250 magnitudinis
429 4150 468 4223 in
484 4147 657 4251 plexubus
674 4147 881 4228 cboroideis.
903 4149 1116 4247 Pulmoncs,
1138 4161 1279 4250 praeter

164 4266 335 4367 quasdam
370 4267 511 4368 exiguas
545 4293 628 4344 cum
666 4267 789 4371 pleura
825 4269 1091 4368 concretiones,
1125 4265 1278 4364 illibati,

165 4383 275 4458 ferme
291 4409 491 4485 exsangues.
508 4385 580 4461 Cor
595 4383 791 4488 pallidum,
814 4388 969 4485 vietum,
993 4410 1166 4488 parrum,
1188 4409 1276 4461 ven-

165 4501 310 4587 triculus
335 4505 473 4580 sinister
490 4506 657 4606 sanguine
674 4503 840 4607 orbatus,
865 4505 987 4582 dexter
1003 4501 1125 4608 paucis
1143 4501 1276 4602 grumis
