3228 5166
236 503 461 586 sanationem
490 507 566 579 sine
596 505 737 604 negotio
755 503 977 604 admittunt,
1005 506 1115 580 immo
1145 503 1241 580 haud
1265 525 1346 576 ram

235 637 363 724 sponte
387 623 619 717 deletiscunt,
642 647 757 722 neque
783 623 982 723 posthumis
1013 637 1146 698 terrent
1168 621 1280 696 malis.

286 741 465 840 Insignem
481 766 502 812 e
518 765 688 815 converso
705 739 931 840 malignitatis
939 740 1087 840 gradum
1097 741 1348 814 nanciscuntur

198 917 200 924 ,
236 859 509 933 intermittentes
542 857 722 932 mensibus
756 859 905 957 Augusti
939 871 977 930 et
1013 855 1248 958 Septembris,
1277 881 1350 954 quo

237 991 379 1078 practer
402 989 558 1071 aestum,
578 975 798 1072 malaciam,
828 991 865 1049 et
888 999 1063 1076 vaporum
1087 975 1250 1075 copiam,
1273 997 1349 1044 ma·

240 1096 333 1168 xime
358 1093 586 1170 contribuunt
609 1093 748 1168 effluria
771 1092 986 1195 mephitim,
1010 1107 1096 1167 time
1122 1090 1289 1193 temporis
1305 1089 1351 1164 ab

241 1234 367 1310 oryzae
402 1211 493 1284 arvis
521 1210 697 1283 extricata.
736 1211 948 1284 lmminente
972 1209 1069 1282 enim
1092 1208 1198 1282 messi
1222 1206 1351 1282 demit·

241 1341 366 1403 tuntur
400 1341 538 1428 aquae,
570 1327 725 1428 solisque
761 1328 867 1401 radiis
909 1325 1206 1430 percoquentihus
1243 1325 1352 1402 modo

238 1459 338 1548 patet
362 1469 511 1520 coenosa
536 1449 757 1547 superficies,
787 1473 878 1549 quae
903 1445 1045 1549 putrida
1071 1445 1258 1522 resolvitur
1282 1447 1351 1520 ler-

237 1564 464 1638 mentatione.
494 1563 624 1638 l'ebres
657 1567 811 1640 aestivae
842 1577 985 1668 typum
1006 1577 1130 1640 teuent
1161 1565 1353 1640 tertiarium
1386 1577 1409 1632 s

239 1694 302 1752 aut
326 1679 608 1776 hemitritaeum,
633 1683 691 1758 vix
715 1707 790 1756 uon
815 1697 1018 1758 constanter
1041 1683 1204 1760 sordibus
1230 1684 1353 1782 gastri-

241 1797 314 1891 cis,
329 1809 366 1868 et
381 1797 563 1898 speciatim
578 1797 736 1896 biliosis,
759 1813 822 1874 aut
836 1799 1070 1876 bililcnnibus
1087 1799 1354 1902 complicantur.

240 1913 349 1990 llaud
372 1941 453 1991 raro
476 1941 615 1992 summe
640 1919 900 1994 exitialia'cum
923 1922 1143 2022 paroxysmis
1166 1921 1206 1994 in
1230 1919 1354 1996 foedus

240 2047 374 2108 cocunt
397 2050 657 2137 symptomata,
691 2037 787 2111 unde
817 2035 1029 2112 multifariae
1063 2036 1215 2112 sobrium
1238 2035 1354 2110 larva-

241 2166 359 2228 tarunr
383 2167 420 2227 et
444 2155 691 2230 comitaturum
708 2155 863 2252 tonnae,
886 2145 975 2258 quas
990 2155 1083 2229 inter
1099 2153 1356 2256 cephalalgica,

240 2297 430 2372 soporem,
473 2273 642 2371 emetica,
682 2273 932 2377 dysenterica,
970 2273 1211 2378 ephidrotica,
1250 2287 1356 2375 atque

240 2389 442 2490 syncopalis
462 2393 727 2468 'communiores
753 2419 838 2471 (esse¹
853 2407 983 2468 amant
1008 2392 1085 2468 Nisi
1109 2405 1273 2494 prompta
1296 2417 1358 2492 pa·
1451 2383 1453 2390 ¹

240 2521 339 2582 retur
363 2507 561 2605 medicina,
584 2509 761 2584 sccundus
786 2515 859 2611 jam
883 2525 946 2584 aut
969 2511 1093 2584 tertius
1123 2533 1357 2611 paroxysmus

239 2650 366 2699 necem
389 2639 500 2726 parat
524 2627 738 2702 Praesertim
754 2627 881 2702 huicce
897 2627 989 2704 cladi
1005 2625 1244 2702 succumbunt
1263 2651 1356 2700 mes-

239 2769 359 2839 sores,
383 2745 446 2844 qui
469 2743 619 2846 pedibus
644 2745 722 2821 luto
746 2748 921 2821 immersis
938 2773 1065 2848 oryzae
1081 2745 1252 2844 colligunt
1267 2769 1358 2818 mer·

241 2877 351 2962 getes,
376 2877 521 2964 totoque
545 2864 603 2939 die
628 2864 813 2940 urentibus
838 2881 1066 2967 exponuntur
1087 2865 1176 2940 Solia
1200 2863 1357 2964 ignibus,

239 2979 501 3079 implacabilem
526 2996 664 3056 aestum
689 2984 822 3083 putidis
846 2997 883 3057 et
907 2984 1055 3083 impuris
1072 2997 1268 3084 temperare
1284 3009 1357 3056 aas
1389 2977 1392 2983 ’
1427 2981 1428 2986 ’

241 3119 288 3194 pe
311 3121 385 3168 non
410 3095 605 3172 abhorrent
629 3101 754 3199 aquis,
778 3099 996 3200 dommnque
1025 3098 1186 3172 reduces
1201 3099 1356 3186 miserri-

241 3235 303 3284 mo
328 3211 431 3308 cibo,
455 3211 608 3288 delesses
631 3213 752 3289 labore
777 3217 871 3291 eires
900 3229 1096 3290 restaurare
1123 3199 1275 3319 impbte,
1303 3215 1356 3291 fa·

241 3355 338 3405 mem
362 3331 534 3408 duntaxat
556 3335 683 3410 sedant
706 3351 900 3437 urgentem.

291 3447 450 3524 Tantum
474 3449 588 3550 abest,
612 3467 654 3526 ut
677 3451 817 3528 labente
841 3467 974 3529 aestate
997 3455 1178 3530 minuatur
1203 3453 1356 3530 febrium

239 3567 550 3642 intermittentium
574 3569 796 3668 dominium,
821 3586 862 3646 ut
885 3573 1004 3674 potius
1033 3599 1127 3648 nova
1157 3574 1274 3675 capiat
1298 3573 1355 3648 in·

240 3699 429 3758 crementa.
465 3686 656 3764 Evanescit
685 3690 830 3791 quidem
858 3690 1053 3792 malignum
1079 3693 1284 3794 ingenium,
1312 3717 1355 3768 ac

239 3805 440 3905 praecipitis
464 3805 612 3906 periculi
635 3822 773 3906 metus,
796 3850 848 3865 ·-
871 3821 972 3883 tanto
1001 3810 1111 3910 magis
1142 3835 1229 3886 vero
1257 3809 1356 3882 lune-

238 3937 293 3998 sta
325 3925 444 3999 evadit
481 3927 754 4028 posthumorum
788 3927 965 4004 malorum
1003 3929 1140 4006 cohors.
1172 3931 1356 4022 Quartuno

239 4067 337 4118 nurrc
363 4042 537 4118 libentius
573 4045 760 4120 adstrictae
794 4061 907 4148 typo,
944 4045 1116 4148 simplici,
1149 4045 1357 4148 duplicato,

239 4175 302 4234 aut
326 4160 525 4263 triplicato,
549 4161 743 4264 profundas
767 4165 805 4236 in
830 4165 1030 4263 organismo
1062 4176 1171 4264 agtmt
1200 4159 1357 4258 radices,

238 4277 372 4378 partim
396 4278 496 4380 quod
520 4305 564 4352 ex
588 4303 652 4352 sua
677 4278 797 4354 indole
822 4285 895 4383 jam
919 4281 1029 4380 magis
1050 4277 1247 4353 obstinatae
1271 4275 1357 4375 sint,

238 4398 371 4498 partim
395 4397 495 4498 quod
518 4413 738 4498 aegrotantes
761 4399 911 4495 iisdem,
927 4423 1017 4500 quae
1034 4395 1168 4470 malum
1191 4421 1356 4496 genuere,

240 4515 376 4617 injuriis
391 4517 573 4594 'conunuo
598 4532 842 4622 exponantur,
858 4519 1046 4621 ipsumque
1063 4513 1229 4592 morbum
1250 4515 1355 4590 nauci
