3264 5194
16 195 22 411 l
306 371 375 448 118

299 501 376 562 trrm
392 491 527 582 nenne,
544 499 620 560 tum
637 507 774 558 morum
790 485 969 559 vamtates
984 481 1200 560 adolescunt.
1206 481 1412 556 Rectissime

294 605 429 680 idcirco
453 605 595 705 scripsit
625 603 887 677 Hrrrocntrrs:
914 637 932 670 n
955 601 1172 704 Sapientiam
1195 597 1331 676 cerebro
1341 652 1356 688 ,
1370 603 1414 680 ¹si

294 749 423 797 sanum
433 719 583 823 suerit,
607 717 753 796 exhibet
777 729 863 813 uim·
879 755 897 788 n
926 720 1099 822 -quod
1124 721 1207 794 satis
1232 717 1411 805 ostendit,

295 851 412 915 aerem
437 842 596 941 ingenia,
611 864 702 941 quae
726 839 886 941 peperit,
908 865 981 913 non
1006 840 1125 912 minus
1150 865 1191 912 ac
1215 837 1295 932 illa,
1319 861 1410 938 quae

294 961 357 1034 din
382 960 587 1060 complexus
618 973 698 1056 est,
733 971 840 1059 atque
874 958 1065 1055 educavit,
1099 963 1197 1060 juxta
1230 957 1410 1059 propriam

295 1081 502 1180 temperiem
528 1077 690 1172 flectere,
715 1101 861 1173 acuere,
884 1076 943 1151 vel
967 1077 1178 1174 retundere,
1202 1101 1276 1159 uno
1299 1072 1410 1150 verbo

295 1219 509 1297 componere
533 1211 569 1268 et
594 1193 825 1270 conformare.
850 1191 925 1268 Nec
950 1195 1013 1268 abs
1037 1221 1076 1268 re
1098 1193 1282 1294 vulgatum
1307 1191 1418 1288 illud,

295 1315 394 1416 quod
418 1314 505 1388 tales
538 1313 610 1385 sint
644 1313 801 1412 corporis
836 1315 947 1386 nostri
977 1313 1143 1414 spiritus,
1176 1311 1290 1413 qualis
1324 1323 1411 1409 a'e'r3

295 1435 339 1506 iis
364 1429 523 1507 enimin
548 1430 662 1524 locis,
687 1429 748 1502 ubi
774 1439 834 1502 aer
858 1432 999 1534 tenuior
1023 1443 1078 1505 est
1107 1445 1144 1504 et
1177 1429 1410 1525 defaecatior,

293 1552 466 1628 vividiora
491 1565 527 1624 et
552 1550 708 1622 acutiora
733 1550 872 1648 ingenia
902 1549 1029 1625 florere
1058 1551 1202 1648 solent,
1230 1550 1292 1624 ubi
1323 1577 1410 1626 vero

294 1693 432 1743 crassus
463 1681 500 1740 et
536 1665 755 1766 nebulosus,
789 1666 998 1764 hebetiora,
1033 1667 1160 1763 tarda,
1195 1683 1231 1742 et
1265 1682 1411 1764 retusa,

294 1811 403 1890 quare
427 1787 551 1860 Boeoti
576 1800 612 1859 et
636 1786 760 1858 Batavi
786 1790 857 1886 jam
882 1789 1075 1888 antiquitus
1092 1787 1185 1861 male
1202 1787 1410 1864 audiebant:

392 1905 570 1980 Boeotum
594 1903 633 1976 in
657 1925 775 1979 crasso
792 1905 936 2007 jurares
959 1915 1039 1979 atre
1064 1921 1199 1980 natum.

343 2023 415 2115 Qui
449 2024 555 2122 igitur
590 2035 734 2094 cunctas
770 2023 888 2096 animo
923 2021 1101 2122 pervolvit
1125 2024 1407 2098 circumstantias

295 2139 401 2214 saluti
422 2139 593 2234 infensas,
617 2139 691 2212 sive
715 2139 754 2211 in
779 2137 940 2236 climate,
961 2141 1035 2215 sive
1051 2141 1090 2214 in
1105 2141 1249 2216 vivendi
1273 2143 1409 2217 ratione

293 2258 483 2360 repositas,
512 2283 664 2358 quarum
694 2257 849 2357 potiores
883 2259 1121 2359 perfunctorie
1155 2259 1410 2358 indicavimus,

292 2377 353 2477 qui
378 2374 484 2448 simul
508 2375 675 2449 intimum
699 2376 791 2448 inter
814 2371 921 2470 <picta
946 2377 1011 2451 aci
1037 2376 1147 2478 ψυχὴν
1171 2403 1303 2452 nexum
1325 2403 1408 2479 per-

294 2493 433 2595 pendit,
449 2537 500 2552 -
515 2495 552 2568 ἰιι
577 2491 761 2594 plebecula
786 2496 975 2595 campestri
999 2495 1082 2596 Agri
1108 2497 1306 2572 Ticinensis
1326 2497 1409 2572 cha·

291 2601 464 2686 racterem
488 2613 699 2714 psychicum
722 2611 863 2686 infirmo
888 2615 1028 2713 corpori
1061 2627 1168 2716 atque
1201 2616 1298 2690 vieto
1324 2641 1408 2689 ana-

290 2731 412 2831 logum
437 2757 510 2806 non
534 2729 731 2805 mirabitur.
755 2731 982 2805 Desideratur
1006 2731 1099 2808 laeta
1128 2733 1189 2807 illa
1213 2731 1406 2833 festivitas,

290 2846 466 2948 hilaritas,
490 2863 527 2926 et
551 2851 659 2924 animi
685 2849 881 2949 fortitudo,
906 2879 997 2952 quae
1035 2849 1245 2928 monticolae
1281 2853 1407 2928 distin·

290 2970 391 3068 guit3
413 3011 465 3030 --
488 2970 667 3071 perpetuis
699 2970 876 3043 aerumnis
910 2985 947 3043 et
981 2969 1259 3066 calamitatibus,
1283 2971 1406 3050 servili

290 3079 393 3186 jugo,
417 3087 559 3187 corpori
583 3085 806 3184 cachectico,
830 3087 1023 3162 visceribus
1047 3085 1205 3162 inferetis
1217 3102 1280 3184 ,·et
1296 3087 1408 3190 pella·

290 3227 411 3300 grosse
435 3203 585 3278 diathesi
619 3203 727 3279 modo
761 3204 994 3302 manifestae,
1024 3205 1134 3280 modo
1168 3204 1329 3280 occultae
1365 3231 1408 3278 ac
1531 3271 1533 3274 .

294 3319 443 3394 subdole
484 3319 701 3395 delitescenti
742 3321 995 3423 correspondet
1042 3323 1180 3394 animm
1222 3335 1408 3417 moestus,

290 3439 506 3535 taciturnus,
542 3438 712 3534 timidus,
749 3465 937 3537 morosus,
974 3439 1165 3537 diffidam,
1189 3437 1408 3536 obstinatus,

289 3557 556 3652 stomachosus,
580 3559 619 3629 in
644 3558 735 3630 rixas
761 3583 906 3658 pronus.

301 3699 303 3704 ·
340 3671 467 3777 Nullus
504 3675 669 3776 equidem
705 3701 832 3776 negare
868 3677 1007 3770 ausim,
1042 3675 1182 3750 coelum
1217 3677 1405 3752 Ticinense
1494 3665 1498 3676 “

288 3789 376 3866 olim
398 3789 594 3867 incolarum
610 3791 714 3866 saluti
731 3794 984 3866 anricissimum
1009 3791 1139 3891 fuisse,
1155 3821 1309 3897 namque
1331 3819 1405 3869 non

288 3911 397 3986 modo
422 3909 562 3984 divinus
591 3913 804 4007 Pri-arnor,
838 3925 875 3984 et
909 3905 1020 3986 Stc'co
1059 3917 1134 4014 ejus
1163 3911 1405 3986 salubritatem

288 4030 456 4104 encomiis
481 4031 685 4131 praeconati
710 4043 820 4126 sunt,
844 4029 908 4104 sed
939 4031 1048 4104 etiarn
1082 4031 1199 4104 Duces
1236 4027 1407 4104 Mediola-

287 4171 441 4245 nenses,
471 4161 623 4228 testante
649 4147 822 4244 historia,
851 4148 982 4250 Papiae
1013 4147 1115 4222 villas
1147 4145 1312 4221 lubenter
1343 4169 1407 4246 pc·

284 4263 400 4363 uere,
425 4279 467 4340 ut
490 4265 632 4340 favente
657 4265 740 4338 anni
765 4279 927 4368 tempore
952 4264 1208 4367 campestribus
1233 4264 1283 4337 ibi
1309 4263 1405 4338 frue-

287 4397 410 4458 rentur
434 4382 590 4480 dcliciis3
605 4427 656 4442 -··
673 4382 843 4458 hodierna
870 4397 990 4459 autem
1006 4383 1064 4458 die
1081 4383 1184 4483 longe
1201 4381 1269 4456 alia
1287 4383 1407 4458 evenit

287 4529 406 4581 rerum
431 4502 597 4579 conditio.
622 4502 678 4580 Ab
703 4503 927 4584 Hieroctutrn
952 4507 1024 4603 jam
1050 4501 1238 4580 didicimus
1264 4499 1406 4594 (Libro
