3264 5194
359 295 427 370 158

352 421 424 517 jam
447 427 530 490 ante
555 416 745 490 triennium
775 415 933 518 ejusdcm
969 415 1084 492 morbi
1121 441 1240 490 casum
1275 443 1482 518 perpessus

351 549 414 610 est
440 535 679 635 Quadraginta
722 549 808 612 tunc
851 536 1018 634 temporis
1059 533 1238 608 vermibus
1272 533 1479 634 pulverum

351 654 700 730 arrtlrelminticorurn
725 683 792 756 ope
809 656 1009 750 evacuatis,
1032 655 1218 755 pristinam
1243 655 1392 756 adeptus
1414 670 1479 730 est

350 772 563 848 valetudinis
588 775 832 872 integriorem.
857 773 950 851 Ante
974 759 1132 874 ‹puinquc
1162 799 1299 846 memes
1333 801 1472 874 repen-

351 893 427 966 tino
452 891 632 994 perculsus
657 907 789 967 terrore
814 895 852 968 in
877 891 1030 966 eundem
1066 891 1193 966 incidit
1222 894 1351 966 mentis
1384 909 1470 968 stra·

345 1037 469 1112 potem
492 1013 715 1101 adonicum,
740 1039 812 1113 quo
829 1013 978 1086 insultus
995 1013 1172 1114 epileptici
1193 1015 1330 1114 pridem
1353 1013 1468 1087 ordiri

350 1129 529 1228 solebant,
554 1129 647 1203 unde
672 1145 835 1230 parcentes
860 1157 933 1204 non
958 1132 1033 1206 sine
1058 1131 1288 1207 fundamento
1318 1133 1466 1204 terrifici

349 1247 433 1324 mali
459 1247 648 1321 recidivam
672 1262 756 1322 sunt
786 1247 968 1344 hariolati3
1009 1263 1046 1323 ct
1081 1275 1202 1324 revera
1231 1263 1313 1350 post
1346 1275 1465 1349 pauca

349 1381 528 1448 momenta
555 1393 656 1465 aeger
689 1368 804 1440 omnis
839 1369 1074 1442 conscientiae
1113 1393 1237 1469 expers
1273 1369 1389 1463 cadit,
1426 1384 1465 1444 et

349 1487 520 1566 dirissime
544 1485 763 1568 convellitur,
789 1489 937 1566 Etiamsi
962 1489 1088 1588 quovis
1112 1487 1224 1561 l'ermc
1256 1487 1314 1561 die
1338 1514 1463 1560 recur-

349 1619 443 1681 reret
466 1603 627 1702 malum,
650 1605 845 1684 medicinae
869 1631 975 1705 opem
991 1606 1131 1679 nonnisi
1149 1603 1206 1679 die
1236 1607 1289 1678 13.
1306 1605 1465 1680 Novem-

349 1720 422 1796 bris
447 1722 716 1824 imploraverat,
741 1722 885 1796 Cliniois
902 1721 1047 1796 aedibus
1064 1736 1235 1824 receptus.
1252 1723 1385 1806 Habito
1407 1751 1464 1798 re·

348 1855 472 1942 spectu
497 1839 799 1936 lrelmintlriaseos,
824 1866 913 1942 quae
938 1839 1146 1941 palmariam
1171 1839 1358 1942 epilepsiae
1383 1867 1464 1942 pen

348 1984 470 2060 passae
494 1985 637 2038 causam
660 1959 861 2060 praebuisse
887 1957 1098 2054 ridebatur,
1126 1957 1398 2038 amaricantibus
1423 1973 1465 2033 et

348 2074 466 2148 saliaris
492 2075 643 2152 fistulam
671 2075 907 2155 intestinalem
932 2078 1030 2178 prius
1054 2103 1242 2177 repurgare
1271 2076 1461 2152 voluimus.

348 2193 455 2270 Nulla
480 2209 599 2268 tamen
631 2193 831 2296 adparuore
867 2199 1042 2278 vermium
1076 2196 1215 2272 indicia.
1248 2197 1461 2273 Metlrodum

349 2325 470 2414 postea
495 2314 810 2387 nervine-tonicam
844 2314 1016 2414 amplexi,
1050 2313 1275 2390 Valerianum
1309 2331 1346 2390 et
1367 2341 1459 2416 ory-

349 2431 436 2506 dum
460 2431 559 2504 Zinei
584 2433 848 2532 usurpavimus,
866 2433 993 2506 ellectu
1011 2436 1103 2510 votis
1129 2435 1289 2535 adprime
1312 2462 1458 2536 respon·

348 2547 464 2620 dente.
489 2549 696 2650 Paroxysmi
721 2549 897 2651 epileptici
922 2551 1035 2624 indies
1060 2552 1228 2647 rariores,
1258 2577 1301 2628 ao
1333 2551 1456 2627 leviori

347 2667 548 2740 intensitate
586 2667 772 2744 redeuntes
802 2684 884 2770 post
918 2670 1101 2742 octiduum
1129 2672 1272 2770 penitus
1304 2670 1457 2744 moesic-

348 2801 454 2884 runt,
489 2812 604 2887 neque
646 2787 770 2884 aliud,
810 2802 949 2889 praeter
985 2789 1176 2889 quamdam
1216 2787 1456 2890 stupiditatem

346 2903 565 3005 reliquerunt
588 2905 840 3006 posthumum,
864 2907 922 2980 oui
947 2919 1066 2979 tamen
1096 2905 1318 3006 dissipandae
1347 2903 1456 2978 insuf-

348 3025 526 3098 ficientem
551 3023 626 3097 lbrc
651 3023 862 3102 credidimus
879 3037 1013 3120 artem,
1037 3049 1122 3103 oum
1145 3021 1237 3103 mala
1261 3022 1457 3098 conforma-

351 3143 403 3217 tio
427 3143 566 3242 oapitis,
591 3141 637 3219 ad
660 3141 769 3218 latera
787 3145 1004 3246 compressi,
1018 3141 1341 3246 protuberantisad
1363 3143 1455 3217 fron·

348 3273 444 3355 tem,
467 3261 579 3332 imrati
616 3261 693 3334 vitii
728 3267 968 3365 conjecturam
998 3274 1175 3357 moveret,
1209 3260 1254 3335 ab
1285 3259 1453 3334 adfinium

346 3374 515 3450 relatione
540 3379 793 3452 confirmatam
819 3378 928 3471 Quod
962 3393 1081 3455 autem
1112 3401 1221 3479 prava
1251 3377 1312 3452 illa
1343 3375 1453 3452 calva-

346 3493 418 3566 riae
440 3493 675 3568 architectura
701 3496 846 3597 inipso
886 3495 1012 3574 morbo
1053 3495 1188 3571 caduco
1225 3495 1451 3599 producendo

345 3635 419 3686 non
451 3611 567 3684 omnis
603 3610 727 3712 culpae
763 3639 886 3715 expers
921 3615 1049 3711 luerit,
1082 3639 1282 3716 supponere
1317 3611 1451 3687 sinebat

344 3753 466 3802 recens
491 3729 605 3803 morbi
631 3731 805 3830 recidiva,
828 3759 937 3834 quam
961 3757 1082 3806 mense
1106 3733 1274 3808 Januario
1290 3747 1450 3834 expertus

343 3861 398 3920 est
422 3848 517 3920 idem
543 3850 700 3948 juvenis,
725 3876 766 3924 ca
791 3849 907 3928 solum
931 3851 1150 3948 differentia,
1170 3849 1269 3952 qnod
1293 3851 1450 3952 quemvis

343 3963 514 4040 assultum
539 3965 765 4067 epilepticum
790 3965 1016 4044 nevroblalia
1044 3969 1150 4044 totius
1174 3967 1312 4042 braclrii
1341 3968 1450 4042 dextri

343 4085 579 4184 praecesserit.
605 4085 748 4160 llancce
764 4085 955 4162 recidivam
979 4088 1111 4187 pariter
1134 4088 1172 4160 in
1188 4099 1309 4162 nostra
1326 4082 1449 4160 Schola

343 4203 513 4276 methodo
539 4205 646 4304 priori
673 4231 743 4278 non
769 4203 920 4277 absimili
944 4205 1218 4306 personavimus.

394 4321 538 4394 Femina
565 4321 722 4418 robusta,
748 4321 793 4396 35
820 4349 1015 4417 annorum,
1038 4327 1110 4423 jam
1146 4319 1331 4396 nduobus
1356 4343 1449 4392 men-

344 4438 439 4513 sibus
470 4441 626 4542 quotidie
661 4467 681 4516 e
718 4467 843 4518 sorano
879 4443 1158 4548 expergefiebat,
1188 4457 1289 4520 tanto
1322 4467 1449 4544 ongum
