3228 5166
309 399 500 605 (ingno
513 509 545 602 ),
581 501 701 606 paucis
737 499 867 576 abhinc
902 500 1004 577 annis
1029 523 1131 574 suam
1165 496 1310 602 adepta·
1333 499 1421 575 cons

307 623 552 696 sumationcm
569 622 702 696 Circuit
715 619 787 695 ¹ills
813 621 962 694 civitatis
976 619 1114 694 moenia
1130 643 1152 692 a
1168 618 1416 720 Septentrione

309 723 585 836 ad'Oriantem'g
608 738 783 812 onerarias
807 753 915 813 naves
951 734 1191 810 Mediolanum
1225 734 1423 832 conducit,

308 856 393 930 alias
418 855 574 950 revehit,
599 853 858 957 effunditurque
882 853 921 926 in
945 842 1132 947 Ticinum,
1156 850 1329 949 gradatim
1352 875 1418 951 per

308 989 491 1078 portarurn
515 973 632 1049 obices
656 975 788 1075 inipso
804 973 927 1074 euripo
952 971 1084 1072 passim
1105 969 1256 1067 locatos,
1272 983 1309 1043 et
1323 987 1418 1042 sum-

307 1118 370 1169 rno
395 1119 478 1168 cum
502 1093 651 1167 artificio
685 1103 905 1164 constructos
932 1087 1139 1164 delubendo.
1163 1090 1279 1162 Lento
1311 1105 1419 1187 aqna·

308 1235 389 1283 rum
413 1231 517 1283 cursu
541 1209 753 1308 vegetationi
776 1199 1022 1308 subaquaneae
1050 1208 1182 1280 mirum
1206 1207 1245 1280 iu
1269 1204 1419 1280 modum

196 1404 200 1416 ,
308 1328 424 1424 favet,
447 1327 542 1402 unde
579 1329 917 1426 Potamogetonum,
951 1324 1125 1401 Ulvarum
1160 1339 1197 1398 et
1228 1321 1420 1404 Conserva·
1552 1429 1554 1433 v

308 1465 390 1521 nrm
404 1447 628 1521 densissimae
653 1445 774 1547 sylvae
794 1443 891 1518 haud
914 1467 994 1518 raro
1019 1446 1279 1544 navigationem
1310 1445 1421 1516 inter·

309 1569 454 1670 cipiunt
478 1567 644 1639 Demissis
670 1581 756 1640 tnnc
781 1565 903 1666 aquis,
928 1562 1025 1664 quod
1049 1585 1170 1637 mense
1196 1563 1324 1637 Martio
1339 1559 1417 1663 ple·

310 1710 462 1784 rumque
487 1683 562 1756 lieri
586 1683 698 1780 solet,
722 1709 743 1756 a
768 1679 947 1783 superfluo
971 1695 1180 1782 repurgetur
1204 1698 1337 1776 coeno,
1368 1693 1424 1752 ast

308 1831 382 1880 non
406 1805 481 1877 sine
505 1804 636 1878 damno
660 1821 797 1899 eorum,
821 1802 883 1902 qui
907 1801 1036 1876 vicinia
1060 1800 1260 1874 inhabitant
1283 1799 1374 1874 locat

358 1911 474 1996 Tanta
508 1926 580 2022 jam
614 1937 786 2022 aquarum
814 1917 1068 2012 redundantia,
1102 1916 1314 1991 illuvionum
1348 1909 1421 1988 sre-

309 2044 473 2145 quentia,
496 2041 713 2138 rivulorum,
736 2039 910 2114 fossarum
935 2051 971 2111 et
988 2037 1153 2112 scrobum
1170 2037 1292 2137 copia,
1316 2049 1423 2136 atque

309 2157 421 2232 indies
431 2159 555 2259 majori
564 2147 734 2230 industria
746 2169 931 2256 promotus
948 2180 989 2228 ac
1000 2152 1198 2254 divulgatus
1210 2150 1423 2254 irrigationis

310 2276 427 2350 cultus
452 2301 526 2349 non
550 2290 686 2377 potest,
710 2275 797 2376 quin
822 2275 994 2373 insignem
1019 2271 1084 2346 soli
1107 2285 1143 2346 et
1158 2271 1423 2373 atmosphaerte

309 2394 559 2468 humiditatem
582 2394 705 2494 pariat.
730 2391 855 2492 Neque
879 2389 1099 2464 reticendum
1123 2403 1198 2486 est,
1234 2387 1331 2489 quod
1364 2408 1422 2460 ra·

309 2514 394 2586 ritas
420 2524 608 2586 ventorum
631 2511 932 2611 impetuosorum,
956 2521 1063 2609 atque
1087 2488 1347 2608 peuodicor‘um
1371 2507 1425 2578 in-

310 2631 455 2734 firmitas
491 2653 593 2702 suam
627 2653 769 2729 quoque
803 2627 1031 2703 contribuant
1066 2624 1292 2727 symbolam,
1328 2649 1420 2726 quae

311 2751 407 2823 enim
432 2775 452 2820 e
477 2745 657 2820 montibus
682 2745 933 2846 Ultrapadanis
957 2745 1093 2845 spirant
1125 2740 1291 2837 flamina,
1320 2767 1423 2848 prae·

311 2864 537 2968 cipitantibus
572 2863 719 2938 Eridani
754 2877 790 2937 et
824 2863 942 2942 Ticini
977 2861 1080 2935 undis
1111 2861 1210 2935 velut
1245 2859 1422 2955 inhibita,

301 3009 466 3080 ,unacum
481 2984 556 3056 istis
571 2981 737 3057 deorsum
753 2979 976 3076 derivantur,
1001 2979 1149 3080 ideoque
1167 2979 1211 3053 de
1227 2975 1421 3080 primordia
1446 3061 1448 3064 ,

311 3127 375 3175 sua
411 3101 447 3176 vi
485 3115 520 3175 et
556 3101 751 3174 directione
777 3098 972 3202 plurimum
996 3097 1208 3196 amittendo,
1232 3109 1423 3198 antequam

311 3219 358 3292 ad
379 3241 444 3292 nos
461 3220 687 3318 perveniant,
706 3217 926 3318 dissipandae
943 3215 1081 3316 caligini
1097 3215 1286 3290 nebulosae
1303 3239 1425 3316 parem

311 3334 502 3408 efficaciam
527 3356 665 3408 exerere
690 3350 880 3436 nequeunt
905 3333 1081 3430 Adsidua,
1105 3361 1195 3435 quae
1220 3337 1259 3407 in
1292 3331 1422 3406 onnes

310 3446 448 3524 vaton‘o
471 3439 741 3550 meteorologico
759 3451 953 3524 Ticinensis
970 3452 1217 3536 Universitatis
1235 3451 1423 3525 instituun-

310 3580 390 3660 tur,
414 3567 672 3665 experimenta,
689 3567 886 3640 docueruut
908 3569 1134 3668 Hygrometri
1150 3569 1337 3642 stationem
1352 3591 1424 3640 rne-

311 3683 408 3756 diam
439 3682 484 3754 ab
519 3708 613 3756 anno
651 3685 743 3758 1808
781 3683 827 3756 ad
867 3683 957 3757 1815
985 3686 1159 3784 graduum
1182 3685 1241 3759 68.
1281 3685 1351 3781 48,
1373 3702 1424 3738 -’-·

310 3799 408 3874 illam
432 3824 518 3876 vero
541 3798 719 3875 intervalli
745 3802 915 3876 octiennis
939 3802 984 3875 ab
1009 3829 1103 3877 auno
1134 3805 1226 3906 1817
1253 3803 1300 3878 ad
1330 3801 1424 3895 1824

312 3918 486 4020 graduum
511 3917 570 4011 64.
596 3919 641 3992 16
658 3919 772 3994 fuisse.
789 3963 840 3980 --
855 3921 936 3995 Jam
956 3924 1095 3996 aestatis
1110 3922 1246 4022 fastigio
1272 3921 1424 4017 humus,

315 4038 376 4139 qui
400 4035 458 4112 vel
492 4037 741 4134 currentibus,
768 4038 827 4114 vel
857 4041 1098 4140 stagnantibus
1129 4041 1229 4142 aquis
1253 4043 1423 4115 continuo

311 4156 467 4250 uvescit,
500 4153 654 4254 solisque
691 4156 828 4230 fervore
871 4183 963 4258 pene
1006 4161 1214 4259 excoquitur
1252 4159 1425 4258 insignem

310 4289 469 4348 eructare
494 4275 627 4374 occipit
651 4299 824 4375 vaporum
844 4277 1022 4376 copiam,
1045 4277 1140 4350 unde
1167 4289 1264 4352 totus
1289 4279 1426 4352 mainus

216 4479 221 4492 ι
309 4405 486 4465 crassatur
510 4401 578 4463 aer.
604 4391 771 4492 inprimis
795 4407 1062 4494 vesperascente
1087 4394 1144 4468 die
1160 4397 1298 4496 irriguis
1315 4396 1425 4496 pratis

309 4511 441 4606 rarior,
465 4509 649 4588 densiorve
666 4510 794 4588 nebula
811 4512 978 4611 incubat,
994 4513 1213 4616 pedetentim
1236 4516 1286 4589 ita
1298 4526 1429 4610 =auctu,
