3252 5166
1222 349 1265 422 1'8

147 445 151 456 ’
189 481 308 545 sertae
333 462 517 562 dilatatae,
538 460 690 564 ideoque
712 462 751 536 in
775 483 915 536 summo
938 455 1023 538 mali
1047 463 1184 565 batigio
1208 371 1293 538 rull

186 590 270 666 inde
294 589 383 664 adeo
407 587 556 663 obscure
572 586 695 682 micat,
711 585 826 658 utrix
842 609 951 657 mann
975 585 1117 661 admota
1143 587 1294 664 discerni
1400 622 1405 630 ·

184 708 306 811 possit
331 699 460 781 Pulsus
485 701 692 776 arteriarum
715 699 900 775 radialiurn
923 700 969 776 ab
993 703 1096 778 initio
1116 704 1296 805 aequales,

186 840 294 928 atque
317 821 496 898 isochroni
530 845 613 894 cum
646 817 715 892 illis
751 817 867 894 cordis
904 833 941 894 et
977 833 1096 895 nortae
1131 821 1296 896 dilatatae

186 955 400 1036 cernuntur,
423 936 684 1013 increbmcente
707 961 793 1013 vero
816 933 911 1012 mole
933 939 1189 1040 anevrysmatis
1212 941 1297 1012 irre·

186 1060 338 1160 gulares,
361 1071 398 1132 et
420 1056 692 1130 intermittentes
715 1053 892 1150 evadunt,
914 1055 1002 1156 quin
1026 1068 1146 1130 tanmn
1170 1069 1208 1130 et
1223 1055 1294 1130 boc

185 1183 456 1284 phaenomenon
479 1197 618 1276 semper
642 1187 807 1254 constans
831 1174 887 1248 sit.
912 1174 1099 1250 Caeterum
1132 1173 1186 1250 nil
1209 1173 1297 1251 offe·

187 1311 272 1373 runt
294 1295 504 1396 singularia,
527 1291 659 1396 talique
688 1303 794 1393 pacto
830 1290 1061 1367 essentialiter
1096 1291 1299 1394 discrepant

188 1442 209 1489 a
232 1412 392 1516 pulsibus
417 1409 565 1492 fortibus
589 1423 627 1482 et
648 1406 889 1506 vibrantibus,
910 1433 1000 1511 qnos
1016 1409 1055 1482 in
1079 1409 1298 1512 cardicvrys·

187 1545 282 1605 mate
306 1529 490 1610 observare
514 1525 607 1600 lieet
631 1523 833 1607 Rarioribns
857 1526 896 1598 in
920 1523 1059 1600 casibus
1091 1539 1209 1604 aortae
1234 1525 1298 1600 ab·

189 1645 375 1730 dominalis
410 1655 655 1746 anerrysmata
689 1641 778 1723 adeo
812 1640 950 1718 occulte
984 1641 1223 1742 delitescunt,
1258 1656 1300 1718 nt

189 1763 415 1842 oculatissimi
437 1747 566 1840 medici
590 1761 833 1843 adtentionern
862 1761 1055 1862 effugiant,
1086 1761 1193 1838 nullis
1224 1765 1297 1838 rita

189 1885 338 1960 durante
362 1881 468 1980 signis
492 1905 530 1954 se
554 1879 730 1980 prodant,
753 1893 791 1953 et
813 1880 955 1954 nonnisi
977 1893 1059 1980 post
1083 1894 1234 1960 mortem
1257 1881 1295 1954 in

190 2005 317 2076 rimato
341 1999 516 2074 cadavere·
534 2009 688 2098 pateant
717 1995 932 2097 Exemplum
961 1995 1091 2072 obtulit
1118 1995 1301 2072 celeberri-

188 2115 269 2193 'rnus
287 2115 482 2197 Matbeseos
497 2111 678 2188 Prolessor
692 2113 906 2194 Vrrcsrrros
918 2113 1110 2211 Bnoraccr,
1120 2139 1300 2216 anonymo

191 2234 376 2312 defunctus
392 2229 519 2306 morbo
528 2283 540 2328 ,
563 2255 670 2332 quem
693 2231 938 2331 noeroscopio,
953 2255 1162 2333 anevrysma
1179 2247 1299 2308 aortae

189 2351 356 2429 ventralis
380 2375 464 2424 cum
488 2349 580 2432 carie
605 2347 848 2424 vertebrarum
872 2347 998 2448 lbisse,
1013 2375 1088 2425 non
1103 2351 1179 2430 sine
1204 2377 1304 2426 sum·
1409 2445 1413 2450 ‚
1525 2436 1528 2444 ‚

189 2497 250 2547 mo
274 2470 489 2553 adstantium
513 2467 733 2552 medicorum
758 2483 902 2570 stupore
926 2469 1061 2548 docuit*

240 2589 424 2690 Reliquam
448 2601 727 2688 symptomatum
752 2599 929 2669 catervam
954 2589 1193 2668 constiurunt:
1210 2587 1307 2664 lum··

190 2708 281 2808 bago
305 2709 400 2803 fixa,
423 2705 577 2804 ardens,
601 2705 749 2803 obtusa,
773 2731 852 2780 raro
876 2710 1082 2807 punctoria,
1105 2723 1241 2805 noctu,
1264 2723 1302 2784 et

192 2825 343 2902 cubante
367 2849 471 2932 aegro
494 2825 758 2924 ingravescens,
780 2824 934 2907 interdiu
959 2839 996 2898 et
1019 2851 1167 2928 corpore
1184 2839 1304 2900 erecte

192 2945 339 3040 mitior,
372 2939 582 3044 cardialgia,
616 2955 679 3017 aut
719 2941 829 3024 colica
863 2969 928 3044 per
962 2945 1056 3018 vices
1091 2967 1304 3041 recurrens,

193 3061 357 3160 pyrusis3
379 3073 500 3164 nactus
525 3059 671 3157 sonori,
693 3057 917 3159 ilatulentieq
946 3059 1146 3161 singultus3
1180 3061 1297 3136 vomi·

195 3192 280 3274 tas,
303 3163 454 3260 maxime
478 3190 559 3279 post
582 3176 701 3254 cffium
726 3177 951 3277 adsumtum,
973 3179 1182 3284 dyspepsia3
1205 3207 1304 3256 som·

194 3322 261 3372 raus
285 3294 483 3397 inquietus,
517 3293 810 3384 terriculamentis
843 3297 1022 3400 abruptus.
1060 3299 1150 3375 Sunt
1183 3313 1306 3375 autem

194 3414 355 3516 inprimis
378 3411 545 3488 molestas
568 3412 649 3496 illae
673 3413 887 3516 pulsationes
911 3415 948 3494 io
974 3416 1216 3516 praecordiis,
1239 3431 1307 3493 aut-

195 3549 346 3632 ventre,
369 3559 460 3635 qnae
484 3531 542 3608 vel
566 3559 731 3612 somnum
755 3561 899 3636 prorsus
923 3551 1071 3636 arcent,
1095 3537 1153 3612 vel
1178 3563 1303 3638 aegros

195 3675 215 3727 e
240 3655 399 3729 terrificis
415 3653 598 3728 insomniis
615 3655 904 3756 expergellrciunt.
922 3656 1073 3730 Maxime
1094 3655 1180 3730 dum
1197 3658 1305 3734 dorso

191 3772 406 3857 incumbunt
429 3773 550 3874 aegri,
573 3771 620 3848 ob
653 3799 798 3848 sernum
831 3773 1028 3850 abdominis
1062 3774 1307 3874 subsilientis,

195 3920 236 3967 ac
261 3893 291 3966 si
314 3890 449 3966 malem
466 3891 511 3964 in
535 3891 771 3992 penetralibus
796 3893 965 3968 continuo
981 3907 1155 3992 ageretur,
1170 3891 1303 3970 obdor-

195 4011 283 4084 mire
307 4021 511 4109 nequennt,
534 4007 592 4082 val
615 4010 674 4084 vix
698 4009 852 4112 obsopiti
875 4007 1111 4086 involuntarie
1145 4011 1307 4114 positum·

196 4129 352 4229 corporis
377 4139 607 4227 permutant,
631 4127 701 4202 huc
725 4127 909 4204 illncsese
935 4131 1114 4231 jactantes.
1145 4131 1309 4205 Coenos*

195 4247 321 4320 stlreais
346 4247 446 4323 vario
467 4246 576 4324 modo
600 4245 717 4344 laesa,
742 4247 853 4352 varias
877 4263 1050 4351 provocat
1072 4249 1307 4347 sensationes,

196 4363 292 4438 unde
315 4386 500 4464 aegrorum
533 4366 770 4467 querimoniae
805 4365 850 4442 de
884 4364 1057 4464 llamrna,
1089 4379 1152 4446 ant
1185 4389 1306 4467 pruna‘

197 4485 393 4561 irrteraneas
417 4498 532 4589 partes
557 4497 766 4592 perurente,
789 4485 835 4570 de
859 4485 1119 4585 fornicatione,
1136 4483 1181 4562 de
1198 4509 1303 4563 senso
