3228 5166
318 329 371 402 62

317 447 467 522 socrant
478 443 695 546 simplicibus
707 457 744 518 et
756 443 1073 545 vernaculis‚quae
1086 457 1238 518 vetustas
1248 445 1427 544 cognorit,

316 561 467 666 neglexit
490 565 662 666 posterior
686 577 802 659 aetas,
826 589 869 636 ex
893 563 1071 638 oblivione
1096 561 1315 636 suscitandis.

365 681 566 756 Laudamus
590 677 757 782 equidem
781 679 1001 754 medicorum
1023 678 1233 754 industriam
1257 679 1297 752 in
1327 677 1427 752 dete·

314 800 436 902 gendis
460 799 641 902 praesidiis
666 799 789 896 novis3
812 799 1070 873 contemnimus
1095 823 1180 873 sero
1205 797 1350 870 nimiam
1367 797 1427 870 cli·

314 923 476 1002 uicorum
500 919 736 1022 quorumdam
771 917 975 1000 lboilitatem
1009 917 1291 1018 promptuarium
1316 915 1425 1016 phar·

312 1039 550 1122 moeoticum
584 1035 852 1138 supervacaneis
884 1035 1157 1136 augmentandi,
1189 1061 1231 1108 ac
1265 1034 1426 1108 imitandi

315 1155 489 1257 quidquid
512 1156 596 1230 rrovi
619 1156 658 1228 iu
683 1151 965 1255 ephemeridibus
989 1154 1196 1230 hareniatur.
1221 1155 1252 1232 A
1276 1150 1426 1254 publicis

315 1277 423 1378 hujus
447 1276 580 1374 generis
605 1275 851 1375 experimentis
876 1299 1030 1374 eousque
1055 1274 1290 1369 abstinemus,
1312 1272 1426 1348 doneo'

315 1393 473 1494 plurium
496 1393 733 1494 practicorum
756 1404 841 1468 voto
872 1389 1003 1470 utilitas
1037 1391 1246 1466 inconcussa
1280 1403 1426 1468 constet

315 1510 444 1585 Nostra
468 1509 641 1590 sententia
658 1505 807 1582 Scholae
828 1505 973 1582 clinicae
989 1533 1057 1608 pro
1072 1507 1251 1607 discipulis
1268 1505 1428 1586 erodion-

316 1626 393 1724 db,
413 1652 636 1728 nequaquam
652 1652 737 1702 vero
752 1651 819 1727 pro
835 1625 1007 1724 ambiguis
1023 1623 1188 1726 periculis
1204 1623 1428 1698 instituendis

315 1747 486 1822 inservire
518 1745 658 1824 dehent
684 1745 783 1846 Tyro
812 1743 903 1818 nibil
937 1743 1036 1820 aliud
1068 1745 1210 1841 videat,
1245 1758 1281 1818 ct
1315 1743 1429 1821 discat

315 1877 478 1966 oportet,
501 1889 609 1964 wana
625 1862 723 1964 quod
738 1860 859 1943 solidis
876 1877 913 1936 et
927 1860 1102 1964 replicatis
1119 1867 1190 1963 jam
1206 1859 1428 1962 exploratum

314 1984 467 2068 babetur
500 1984 730 2087 exponendis.
765 1985 975 2085 Desperatos
1011 1983 1137 2078 unice,
1172 2007 1214 2056 ac
1248 1981 1428 2054 communi

315 2103 483 2184 medendi
505 2105 642 2178 ratione
665 2099 875 2178 insanabiles
900 2127 1001 2178 casus
1018 2103 1177 2202 excipere
1193 2099 1343 2197 vollem,
1367 2102 1428 2201 qui

317 2224 364 2312 ad
380 2221 543 2322 ambigua
559 2248 700 2324 quoque
711 2222 864 2317 ‚incerta
874 2277 885 2318 ,
896 2222 1007 2298 immo
1023 2221 1258 2323 et'dcsperata
1275 2219 1428 2296 remedia
1451 2215 1456 2224 ’

318 2341 508 2442 confugere
530 2342 751 2446 permittunt
1215 2343 1216 2348 ’

255 2491 259 2499 ’
368 2458 442 2532 Sub
466 2485 533 2532 usu
557 2457 794 2532 remediorum
828 2457 1052 2536 heroicorum
1085 2485 1262 2535 summam
1291 2485 1432 2560 sempor

316 2573 534 2650 inculcamus
552 2573 925 2676 circumspectionem,
939 2577 1147 2677 praesertim
1162 2578 1193 2650 si
1208 2575 1253 2651 de
1269 2575 1432 2659 substan

318 2691 377 2777 tiis
402 2692 587 2766 venenosis
611 2690 745 2792 agitur,
769 2719 920 2803 quarum
944 2693 1069 2793 agendi
1099 2695 1190 2768 ratic
1214 2707 1251 2768 et
1275 2691 1430 2768 virulen-

318 2810 389 2893 tiae
414 2807 540 2914 gradm
557 2808 718 2896 nondum
732 2810 817 2886 satis
832 2811 1027 2889 moruus.
1043 2809 1292 2890 Dissuademus
1308 2825 1432 2890 contra

318 2929 467 3014 nimiam
500 2927 725 3004 timiditatem
763 2927 830 3004 sub
865 2955 932 3004 usu
962 2927 1256 3030 pbarumccrum,
1279 2953 1432 3034 quorum

318 3043 602 3120 insufficientiam
625 3071 729 3148 saque
745 3046 884 3148 caepim
900 3046 1004 3126 amice
1019 3045 1193 3132 medentis
1209 3047 1247 3120 iu
1263 3045 1432 3145 augendis

319 3159 464 3252 ducibus
488 3165 692 3248 oscitantiae
716 3163 984 3252 adscribendam
999 3189 1075 3240 esse
1092 3163 1278 3252 credimus.
1288 3165 1433 3240 Hanccc

320 3282 525 3382 opinionem
549 3296 690 3360 tuemur
714 3309 744 3356 e.
770 3309 800 3384 g.
826 3283 934 3360 relate
959 3283 1006 3361 ad
1029 3309 1134 3358 usmn
1168 3283 1337 3384 apsillae,
1362 3297 1432 3360 tara

321 3401 389 3484 tari
412 3400 571 3496 emetici,
595 3399 765 3500 digitalis,
789 3417 826 3480 et
849 3403 1008 3479 muriatis
1032 3403 1179 3505 berytos
1203 3405 1242 3477 in
1266 3403 1432 3480 deterrui,

321 3517 412 3594 nans
446 3515 653 3591 morborum
687 3518 832 3616 lbrmis3
865 3521 1033 3621 prodens·
1055 3521 1184 3600 medici
1219 3522 1364 3597 audacia
1394 3523 1431 3595 in

321 3633 620 3721 subministrando
644 3634 836 3712 efficaciam
859 3639 991 3726 mrum
1014 3639 1053 3718 iu
1076 3639 1225 3722 modurn
1254 3641 1356 3723 acuit

370 3753 703 3854 Pharmacopolium
728 3754 953 3856 Nuoosmii,
982 3783 1004 3840 a
1030 3759 1210 3861 praeclue
1234 3765 1272 3834 ct
1295 3749 1433 3862 peritis·

321 3873 412 3948 sium
446 3871 620 3974 bemiae
653 3873 875 3971 Pmsessors,
904 3876 1099 3956 Fmscssco
1131 3879 1356 3974 Mammas,
1379 3875 1433 3952 di:

323 4003 484 4088 rectum,
517 3992 637 4066 omnia
670 3993 827 4095 suppetit
860 3993 1141 4092 medicamenta,
1175 4021 1268 4100 qaamw
1300 3993 1434 4071 etnicis

321 4107 560 4188 tusuibuntur
584 4107 743 4206 sclrcdis3
766 4135 832 4208 nec
857 4110 991 4212 aliquid
1015 4113 1107 4190 circa
1131 4138 1256 4190 eorum
1284 4111 1433 4214 qualita-

323 4241 416 4324 tem,
431 4227 624 4329 praecisam
639 4220 963 4332 praeparationem,
978 4247 1015 4308 et
1031 4245 1236 4339 promptam
1251 4231 1433 4336 diapasoa·

322 4347 456 4426 aonam
480 4345 675 4448 optandum
699 4347 913 4452 relinquam.
938 4351 990 4426 Ut
1013 4349 1266 4456 qualiscunque
1284 4351 1435 4428 curetur
1569 4349 1574 4364 '

323 4461 461 4582 lapsus²
484 4461 628 4568 sinpats
651 4464 778 4571 phialis
794 4461 1435 4576 rependendarum-medicaminis
