3148 5170
1158 369 1231 469 295

88 487 297 587 veolaris,
321 487 448 566 oborto
471 513 576 566 sensu
602 490 770 565 tensionis
795 491 950 590 ingratae
964 491 1004 566 iu
1024 487 1173 566 maxillis
1198 503 1235 564 et

90 608 292 683 musculis
326 608 437 684 faciei.
474 610 541 684 Die
575 607 610 684 6.
644 609 785 684 maxilla
809 609 954 686 inferior
976 612 1147 713 superiori
1170 635 1235 711 per

94 726 217 800 vices
257 724 494 804 involuntarie
528 725 763 828 adprimitur,
805 727 854 800 ita
891 739 933 801 ut
960 751 1001 800 os
1024 725 1072 802 ad
1095 725 1242 830 libitum

98 843 260 945 operire
294 844 520 946 nequiverit,
555 846 624 920 nisi
658 843 719 920 illa
753 847 948 920 contractio
988 845 1139 947 spastica
1171 869 1236 918 sua

99 974 251 1060 sponte
284 961 468 1036 remiserit
502 962 584 1036 Pari
622 975 782 1064 tempore
806 967 878 1063 jam
902 959 1090 1038 difficulter
1113 959 1236 1062 deglu-

103 1077 256 1174 tiebat,
280 1093 319 1152 et
339 1103 415 1182 non
437 1081 514 1154 sine
538 1077 669 1154 dolore.
685 1077 755 1154 Die
773 1105 806 1181 7.
823 1079 1053 1155 distentiones
1068 1076 1237 1154 molestae

107 1195 322 1292 cervicem,
345 1195 512 1292 dorsum,
536 1209 572 1270 et
596 1221 695 1269 suras
714 1195 974 1297 pervadebant,
997 1193 1147 1270 maxillis
1161 1193 1238 1272 lon·

108 1312 212 1409 giori
238 1317 310 1413 jam
335 1327 495 1414 tempore
518 1313 672 1390 invicem
709 1309 966 1389 collidentibus.
999 1315 1067 1390 Die
1083 1315 1126 1390 8.
1150 1339 1237 1390 con·

110 1430 314 1504 tractiorres
329 1431 500 1531 spectione
516 1455 591 1506 non
606 1429 724 1506 solum
738 1429 785 1506 ad
809 1435 980 1532 majorem
995 1429 1238 1508 musculorum

110 1573 315 1622 numerum
339 1547 640 1645 extendebantur,
673 1570 799 1644 verum
833 1549 940 1622 etiam
964 1549 1074 1648 magis
1097 1573 1237 1650 permar·

111 1681 250 1740 nentes
287 1666 427 1742 fiebant
462 1669 494 1742 A
530 1681 683 1768 quatuor
712 1665 1037 1742 venaesection'rbus
1063 1667 1237 1766 generosis

114 1803 156 1863 et
181 1789 416 1890 purgantibus
440 1789 600 1864 mixturis
626 1787 764 1862 nullum
788 1788 914 1863 hebuit
936 1787 1103 1863 solamen.
1120 1789 1237 1886 Die9.

114 1906 279 2002 mensis,
303 1919 340 1980 et
363 1904 398 1980 5.
422 1905 538 1980 morbi
564 1907 601 1978 irr
626 1903 799 1980 Clinicum
826 1903 1038 2007 palaestram
1072 1903 1239 1999 delatus,

115 2025 261 2097 tristem
285 2024 383 2098 omni
407 2024 537 2097 intuitu
562 2021 722 2096 exhibuit
745 2035 887 2097 statum.
922 2021 1099 2096 Tetanum
1129 2019 1232 2094 holo·

117 2141 285 2214 tonicum
308 2165 394 2241 prae
419 2139 530 2216 oculis
563 2139 763 2214 habuimus.
798 2140 916 2239 Caput
949 2151 1026 2212 erat
1058 2135 1238 2233 liberum,

120 2271 160 2329 et
185 2282 287 2329 mens
311 2259 366 2330 sui
390 2257 545 2357 perfecte
570 2281 737 2358 compos,
760 2253 1045 2330 mandibularum
1070 2253 1148 2328 talis
1165 2253 1237 2329 col-

120 2372 222 2469 lisio,
247 2388 288 2447 ut
311 2375 453 2447 nonnisi
478 2397 618 2448 summo
656 2396 740 2448 cum
774 2387 904 2447 conatu
933 2371 1072 2448 aridum
1096 2370 1237 2472 linguae

123 2475 263 2593 apicem
278 2493 372 2566 intra
389 2492 512 2566 dentes
532 2491 740 2594 protrudere
761 2492 919 2592 potuerit
942 2516 1064 2591 aeger,
1087 2488 1237 2564 molesta

123 2611 196 2686 oris
214 2624 251 2684 et
266 2609 422 2684 faucium
443 2611 602 2706 siccitas,
626 2609 716 2684 cum
739 2609 797 2682 siti
829 2606 1018 2707 flagrante,
1042 2605 1236 2708 respirandi

125 2727 299 2829 quaedam
311 2725 518 2822 difficultas,
542 2741 579 2802 et
594 2751 723 2826 angor,
747 2724 794 2800 ob
810 2725 1057 2826 impotentiam
1072 2727 1236 2825 spiritum

125 2845 392 2946 profundiorem
426 2842 672 2942 adtrahendi3
707 2839 849 2944 prelum
883 2839 1107 2932 abdomiuale
1148 2841 1235 2918 assis

127 2961 259 3062 ligneae
282 2963 394 3036 instar
416 2961 573 3058 domm,
595 2959 754 3034 mentula
777 2958 946 3058 flaccida,
975 2960 1070 3060 rigor
1092 2983 1235 3034 mauru-

128 3079 240 3156 lorum
264 3081 423 3178 nuchae,
445 3079 562 3178 dorsi,
594 3077 820 3177 lumborum,
854 3091 891 3152 et
914 3101 1102 3176 coxarum,
1125 3079 1235 3152 inter·
1337 3109 1345 3120 ·

130 3199 347 3274 currentibus
381 3225 446 3300 per
482 3197 667 3276 intervalla
702 3196 1001 3274 contractionibus
1031 3209 1068 3272 et
1090 3223 1236 3272 succus-

130 3315 281 3390 sionibus
317 3315 606 3413 violentioribus,
642 3314 840 3412 dolorosis,
880 3327 1008 3389 trunco
1041 3313 1234 3416 posteriora
1316 3403 1319 3410 ¹

131 3459 246 3508 versus
271 3437 455 3510 incurvato
479 3435 800 3537 (opisthotonos),
833 3431 983 3507 musculi
1007 3431 1235 3508 brachiorum

27 3579 33 3595 ·
133 3552 227 3652 duri,
263 3554 309 3628 ad
343 3555 526 3629 arbitrium
563 3569 684 3629 tamen
708 3553 895 3651 movendi,
924 3578 1046 3626 sensus
1071 3551 1234 3627 formica·

134 3672 231 3746 tionis
254 3686 291 3745 et
315 3673 465 3772 torporis
490 3698 511 3746 a
536 3673 672 3747 cervice
696 3670 743 3745 ad
776 3695 966 3772 coccygem
999 3693 1236 3771 percurrens,

134 3787 269 3864 sudores
304 3788 459 3890 profusi,
494 3789 656 3887 inodori,
690 3788 790 3864 alvus
824 3813 996 3886 morosa5·
1022 3785 1145 3888 pulsus
1175 3789 1236 3862 vix

136 3907 378 4008 frequentiores
403 3905 645 4005 naturalibus,
668 3905 771 4002 duri,
794 3904 976 3980 contracti.
992 3905 1045 3960 -‘
1059 3901 1234 3976 Remediis

137 4024 412 4126 antiphlogistiois
447 4026 617 4102 hactenus
652 4027 831 4100 incassum
864 4025 1034 4121 tentatis,
1067 4021 1235 4124 nullaque

137 4143 221 4219 ultro
252 4143 486 4242 indicatione,
520 4171 611 4248 quae
646 4171 726 4218 eam
750 4143 909 4246 juberet,
932 4153 1135 4244 perspecta,
1158 4165 1234 4214 me·

139 4259 225 4334 thodi
249 4263 523 4363 antagonisticae
547 4277 584 4336 et
607 4261 912 4364 metasynorit'rcae
937 4283 1022 4360 opes
1045 4255 1235 4358 implorare

140 4377 341 4456 decrevimus
358 4438 382 4480 ,1
402 4383 528 4456 intime
563 4383 748 4484 persuasi,
784 4379 852 4454 hnc
886 4376 975 4452 nihil
1011 4375 1237 4478 opitulante,

140 4493 242 4572 oleum
261 4512 312 4576 et
345 4525 490 4606 operam
523 4499 699 4604 perditam
733 4521 819 4582 este·
853 4496 996 4573 lnteme
1020 4507 1102 4572 0⁰l⁰
1125 4517 1233 4596 gram
