3228 5166
316 495 432 574 studia
458 509 495 574 et
518 500 729 600 conamina,
753 497 920 600 merom
949 498 1189 576 munificentia
1225 495 1424 577 tuebantur.

316 617 413 712 -4
438 617 632 722 Collegium
656 619 835 696 medicum
861 618 1144 716 salernitanum,
1166 620 1206 694 in
1222 619 1424 694 Christiano

316 736 404 812 orbe
427 740 601 839 primum,
625 741 762 815 cunctis
785 741 926 816 serioris
950 741 1029 816 aevi
1044 739 1172 814 scheba
1188 755 1424 842 prototypum

317 855 441 953 dedit,
465 855 769 963 laudabilibusque
792 858 943 960 praeivit
966 857 1233 960 disciplinarum
1268 858 1423 931 medica-

316 999 399 1050 rum
422 975 722 1074 institutionibus,
744 975 956 1052 scholastico
979 975 1179 1052 studiorum
1195 973 1339 1070 ordine,
1355 987 1423 1046 sta·

317 1094 402 1167 tutis
426 1095 586 1195 positivis
598 1149 610 1196 ,
632 1094 846 1198 privilegiis,
880 1107 986 1195 atque
1021 1093 1214 1168 honoribus
1246 1091 1425 1166 academi·
1497 1094 1500 1100 '

318 1214 379 1287 cis.
403 1256 454 1272 -
477 1213 511 1289 5.
537 1215 787 1315 Antiquissima
811 1211 1027 1287 medicinam
1050 1213 1243 1314 practicam
1274 1209 1426 1286 docendi

318 1347 356 1410 et
379 1333 537 1410 discendi
572 1335 760 1410 methodus
797 1334 868 1408 illa
893 1334 987 1431 luit,
1021 1360 1129 1435 quam
1163 1333 1270 1407 hodic
1294 1332 1426 1432 passim

319 1452 578 1553 Polyclirricam
602 1465 740 1528 vocant
765 1451 890 1554 Neque
914 1465 969 1527 tot
992 1455 1151 1552 tantique
1175 1449 1304 1522 medici
1321 1449 1427 1523 variis

318 1569 490 1645 aetatibus
527 1570 702 1668 illustres,
735 1571 948 1673 requisitam
975 1571 1014 1643 in
1048 1567 1277 1644 observandis
1302 1581 1339 1640 et
1363 1591 1426 1639 cu-

318 1685 439 1762 randis
463 1687 595 1760 morbis
630 1688 873 1763 dexteritatem
908 1688 1088 1788 acquirere
1122 1688 1338 1789 potuissent,
1362 1685 1429 1756 nisi

319 1831 399 1878 eam
422 1803 489 1879 sub
514 1822 742 1908 expertorum
767 1813 839 1910 jam
864 1809 903 1882 in
928 1821 1003 1882 arte
1027 1807 1186 1884 virorum
1203 1807 1366 1908 auspiciis
1383 1804 1430 1878 ad

317 1921 429 1997 lectos
453 1927 708 2024 aegrotantium
732 1925 1020 2024 condidicissem,
1035 1939 1072 2000 et
1088 1953 1200 2027 quum
1215 1921 1427 2016 Nusocomia

319 2043 462 2116 nonnisi
495 2043 636 2118 saeculo
670 2044 733 2119 Ν.
768 2045 853 2145 erigi
877 2045 1078 2147 coeperint,
1101 2045 1300 2145 iterumque
1324 2042 1429 2141 longa

320 2159 557 2236 intercesserit
580 2161 831 2263 intercapedo,
861 2162 974 2237 donec
999 2161 1208 2237 hodiernam
1233 2161 1432 2259 adtigerunt

322 2279 608 2376 universitatem,
641 2282 758 2381 praxis
793 2280 918 2355 clinica
952 2281 1148 2356 necessario
1182 2278 1279 2382 apud
1306 2301 1428 2378 aegros

323 2397 481 2498 privatos
505 2401 659 2472 exerceri
688 2397 821 2473 debuit

370 2515 595 2617 Quamquam
619 2542 746 2592 aevum
771 2542 877 2591 omne
900 2515 1060 2618 exempla
1093 2527 1365 2617 praeceptorum
1390 2525 1428 2584 et

320 2629 574 2733 discipulorum
588 2635 627 2708 in
643 2634 816 2718 medicina
834 2635 986 2736 practica
1003 2633 1185 2730 exlribeat3
1201 2630 1428 2706 nihilosecius

320 2749 609 2826 desiderabantur
631 2779 743 2855 usque
768 2753 814 2826 ad
838 2751 1019 2826 saeculum
1044 2751 1162 2824 XVII.
1186 2747 1337 2824 &boloe
1356 2745 1429 2818 Cli-

321 2874 420 2944 m'cuc
435 2870 472 2944 in
488 2872 672 2973 publicum
698 2873 979 2954 emolumentum
1003 2886 1203 2968 extructae,
1227 2870 1315 2944 tales
1331 2870 1434 2970 quip-

320 3011 367 3088 pe
401 2987 617 3087 Palaestrae,
652 3017 743 3094 quae
773 2991 955 3093 pauciores
988 3015 1109 3090 aegros
1144 2991 1183 3063 in
1214 3015 1297 3062 eum
1328 2987 1433 3061 unice

288 3109 430 3182 .linem
464 3109 707 3208 recluderent,
740 3127 782 3187 ut
805 3109 992 3216 tyronibus
1028 3112 1066 3183 in
1104 3123 1179 3184 arte
1203 3107 1340 3182 medica
1365 3106 1433 3179 rite

320 3225 549 3326 perdiscenda
574 3229 803 3326 iruervireut,
833 3229 1068 3304 eruditionem
1096 3228 1202 3327 igitur
1227 3224 1431 3300 adlectum
1566 3305 1572 3319 ¹

322 3367 507 3441 aegrorum
531 3369 686 3422 unacum
701 3349 857 3447 practico
877 3349 1043 3423 exercitio
1059 3345 1287 3448 copularent,
1311 3343 1432 3417 nmul-

322 3483 394 3558 que
419 3459 642 3562 Reipublicae
665 3463 847 3564 praesidiis
863 3467 1070 3568 potirentur.
1086 3465 1281 3563 Urgentem
1298 3461 1432 3534 hancce

321 3575 566 3652 necessitatem
590 3603 713 3652 recens
737 3594 831 3655 aetas
856 3580 966 3682 probe
990 3582 1186 3683 perspexit,
1210 3578 1307 3654 aliud
1333 3577 1433 3650 enirn

324 3707 379 3768 est
403 3695 614 3770 medicinam
638 3697 742 3772 unice
766 3700 805 3772 in
843 3725 1027 3800 aegrorum
1060 3697 1290 3774 commodum
1319 3695 1434 3768 lacere

323 3813 468 3912 (praxis
492 3815 629 3916 privata
663 3831 700 3891 et
733 3817 980 3892 nosocomialis
996 3826 1031 3916 >3
1069 3818 1166 3892 aliud
1196 3843 1275 3891 eam
1300 3813 1436 3906 facere,

323 3932 471 4036 parique
496 3947 654 4036 tempore
679 3937 856 4036 profiteri,
879 3936 919 4009 id
943 3951 1022 4034 est,
1052 3939 1234 4031 omniurn,
1271 3957 1363 4034 quae
1389 3929 1435 4003 ad

324 4049 458 4130 lectum
481 4053 594 4150 liunt,
616 4055 792 4130 minutam
817 4053 963 4129 reddere
988 4057 1184 4150 rationem,
1214 4077 1256 4125 ac
1288 4049 1437 4124 modum

324 4171 507 4268 indicare,
531 4201 603 4276 quo
628 4175 783 4276 juniores
817 4175 944 4250 medici
984 4201 1022 4250 se
1052 4201 1171 4276 gerere
1197 4171 1370 4266 debeant,
1395 4182 1437 4241 ut

324 4289 468 4366 morbos
484 4292 709 4392 dignoscere,
732 4307 867 4368 rectam
886 4293 1062 4369 medelam
1078 4315 1279 4395 opponere,
1303 4291 1342 4360 in
1363 4287 1436 4358 sin-

325 4407 414 4506 gulis
438 4412 669 4484 necessariam
693 4413 937 4488 dexteritatem
962 4413 1162 4515 acquirere,
1187 4434 1229 4484 ec
1252 4406 1314 4482 tuli
1330 4415 1437 4506 pacto

326 4525 437 4601 arduo
465 4527 594 4614 medici
621 4533 759 4604 muneri
784 4531 982 4606 satisfacere
1006 4530 1219 4605 adamussim
1245 4535 1387 4627 queant
