3264 5194
301 365 370 414 raa

343 459 415 556 Qui
441 459 478 534 iu
503 462 675 562 angrutis,
700 461 843 562 calidis,
867 479 903 542 et
927 460 1121 565 meplritide
1144 461 1242 537 raaia
1267 472 1410 534 scaten-

293 575 389 652 tibus
414 577 592 654 bovilibus
618 595 862 679 tenerascunt,
887 607 928 656 ac
954 609 974 654 a
1010 581 1182 681 rigidioris
1212 605 1317 653 aurae
1345 581 1414 652 sti-

293 697 393 771 mulo
419 699 528 774 ferme
564 699 799 798 desuescunt,
836 701 1042 803 pulmones,
1071 699 1273 800 granam
1307 697 1416 772 adfici

293 813 440 912 debent,
464 817 525 890 uhi
543 817 601 892 vel
617 819 784 894 minimae
809 819 1064 920 discrepantiae
1090 816 1273 917 temperiei
1289 829 1326 888 et
1340 813 1413 886 ele·

292 949 497 1010 mentorum
521 952 756 1038 exponuntur.
780 939 862 1038 Ipsa
887 937 1090 1038 superficies
1120 936 1212 1009 eutis
1237 933 1414 1036 ejusmodi

291 1050 527 1128 stabulatione
540 1053 701 1154 hybema
717 1053 897 1129 insolitam
913 1053 1091 1128 contrahit
1118 1050 1415 1145 teneritudinem,

291 1167 466 1242 bovilium
489 1169 602 1244 calida
631 1185 668 1244 et
697 1184 887 1246 uvescente
918 1169 1184 1270 atmosphaeru,
1220 1191 1345 1268 aeque·
1368 1191 1411 1238 ac

292 1287 513 1390 perspirabili
537 1291 684 1363 materie
708 1305 882 1391 perpetuo
915 1289 1008 1384 fota,
1039 1289 1176 1387 frigoris
1207 1311 1349 1360 accessu
1371 1287 1414 1360 in

292 1407 365 1478 suis
392 1405 556 1478 facillime
580 1406 810 1508 perturbatur
832 1409 983 1502 mruriis,
1013 1430 1087 1507 quo
1115 1406 1232 1506 posito
1262 1405 1415 1480 vicetiae

292 1523 333 1596 in
356 1521 570 1596 membranis
596 1525 770 1622 mucosis,
786 1539 849 1598 aut
865 1526 991 1599 scrosis
1008 1523 1202 1598 reactioues
1223 1519 1414 1622 proliciun-

292 1657 373 1738 tur,
398 1659 504 1744 atque
528 1643 739 1720 multifariae
764 1645 1009 1720 catarrlrorum
1033 1657 1071 1718 et
1086 1643 1313 1717 rheumatum
1338 1640 1411 1714 for·

282 1787 373 1835 mae
397 1763 636 1860 extricantur,
656 1789 808 1865 quarum
833 1764 951 1863 genesi
972 1760 1145 1836 notabiles
1171 1759 1411 1834 electricitatis

293 1881 594 1981 atmosplraericae
641 1883 900 1958 vicissitudines
944 1881 1140 1983 plurimum
1173 1877 1414 1953 obsecundare

293 2023 369 2086 noar
393 1997 608 2074 dubitamus.
632 2041 685 2058 —-
709 2001 895 2094 Quaedam
919 1997 1191 2074 eonsuetudines
1215 1995 1358 2070 taudem
1373 1996 1414 2068 in

294 2117 386 2192 datis
411 2118 604 2194 individuis
630 2119 824 2196 faciliorem
847 2119 1056 2195 morborum
1085 2118 1238 2220 pectoris
1263 2131 1413 2212 ortum,

295 2261 490 2336 eorumque
515 2243 628 2340 majus
653 2237 851 2339 periculum
875 2238 1121 2312 determinant
1146 2235 1201 2309 Ita
1230 2236 1293 2335 qni
1321 2235 1415 2307 inter

298 2353 490 2451 digitorum
513 2355 663 2428 nuestus
681 2355 727 2430 ad
743 2357 857 2430 ravim
881 2379 994 2454 usque
1010 2351 1211 2427 declamant
1226 2377 1290 2452 per
1305 2350 1412 2423 horas

299 2470 493 2561 (insanum
517 2469 594 2544 ludi
619 2497 751 2570 genus,
775 2495 848 2572 quo
871 2471 993 2544 infima
1021 2467 1122 2572 plebs
1152 2482 1274 2544 nostra
1301 2466 1416 2541 delec-

298 2599 415 2684 tatur,
430 2587 538 2689 vulgo
558 2588 695 2664 Giuoeo
711 2586 803 2664 detta
819 2588 927 2663 Moru
943 2589 1079 2662 dictum
1095 2594 1128 2684 ),
1144 2586 1203 2662 vel
1223 2587 1285 2688 qui
1301 2599 1415 2658 trans-

298 2720 376 2780 acta
406 2706 501 2780 iuter
535 2733 721 2782 aerumnas
745 2707 987 2803 hebdomada,
1012 2705 1119 2780 festos
1151 2705 1226 2778 dies
1257 2702 1411 2804 crapulis

296 2821 474 2898 celebrare
498 2833 758 2925 consuescunt,
792 2826 1004 2925 gravissimis
1039 2849 1142 2923 saepe
1177 2819 1415 2896 succumbunt

193 3021 197 3030 ,
295 2943 607 3042 peripneumoniis.
623 2985 674 3002 —·
691 2945 827 3045 Hyems
841 2943 1053 3045 plerumque
1070 2943 1223 3015 serotina
1241 2954 1277 3014 et
1296 2939 1414 3013 brevis

295 3061 415 3158 efficit,
432 3075 474 3135 ut
489 3064 663 3164 epidemia
675 3063 947 3138 inflammatoris
960 3089 1040 3136 raro
1057 3061 1229 3136 duntaxat
1240 3075 1323 3134 ante
1339 3059 1411 3134 sol-

295 3179 432 3252 stitium
449 3180 623 3278 ordiatur,
636 3208 758 3256 mense
774 3183 933 3256 lanuarii
961 3207 1067 3254 suum
1084 3178 1225 3254 culmen
1243 3179 1415 3278 adtingat,

296 3313 404 3398 atque
429 3297 623 3374 Februario
648 3301 809 3376 nondum
847 3301 967 3400 elapso
1002 3301 1145 3402 jamjam
1173 3297 1366 3372 defetiscat

347 3415 591 3490 Redeuntibus
617 3421 710 3492 auris
741 3418 959 3492 Chelidoniis
990 3417 1191 3490 subintrant
1221 3415 1335 3488 febres
1359 3415 1414 3486 in-

297 3531 532 3604 termittentes
558 3535 808 3633 quotidianae,
843 3535 958 3608 febres
994 3536 1182 3608 continuae
1215 3531 1413 3606 inflamma·

297 3649 407 3723 toriae
433 3651 652 3748 gravioribus
687 3651 911 3754 plrlegnrasiis
937 3653 1124 3726 comitatae
1150 3645 1414 3726 commutantur
1451 3743 1453 3748 Δ

297 3795 380 3843 cum
406 3769 617 3844 catarrlrosis
642 3757 881 3872 simplicibus,
906 3771 964 3844 vel
988 3770 1184 3868 augiuosis,
1198 3825 1199 3830 η
1213 3783 1249 3840 et
1279 3780 1413 3867 gastro-

295 3886 495 3987 pituitosis,
511 3913 616 3986 (pras,
631 3886 743 3962 veluti
767 3889 939 3988 primitias
964 3886 1204 3988 pathologicus
1228 3886 1414 3984 irrepentis

296 4006 411 4100 veris,
435 4019 518 4078 aute
543 4007 663 4079 omnia
687 4008 781 4080 intcr
815 4007 960 4082 vicanos
986 4004 1103 4080 evolri
1130 4002 1301 4078 videmus.
1339 4001 1413 4074 Sub

296 4119 406 4193 lraece
443 4123 703 4196 constitutionis
746 4123 962 4225 epidomicae
1003 4122 1283 4222 permutatione,
1323 4143 1415 4219 quae

294 4237 507 4339 plerumque
532 4240 598 4314 sub
624 4243 766 4314 initium
790 4243 921 4316 mensis
948 4241 1065 4314 Martii
1090 4241 1287 4338 contingit,
1303 4237 1360 4313 vel
1377 4251 1415 4312 et

295 4357 415 4454 prius,
439 4358 468 4428 si
494 4359 597 4430 irrites
624 4359 754 4433 fuerint
778 4359 912 4459 algores
938 4357 1112 4460 hybenri,
1128 4359 1245 4430 variae
1270 4383 1414 4458 proger-

296 4477 436 4548 minaut
461 4478 750 4554 crauthcmatum
776 4480 929 4579 formae,
959 4493 1064 4580 atque
1094 4475 1304 4580 erysipelate
1334 4501 1414 4548 cre·
