3252 5166
317 329 389 402 216

310 465 418 548 quem
443 437 479 518 iir
504 445 597 518 serris
624 443 813 518 individuis
830 443 1305 520 catarrhoso-rlreumatieam
1329 473 1431 521 coru·

308 563 566 672 peltarum-
592 563 625 636 3.
652 561 815 664 Subjecta
840 561 1033 638 scrofuloss
1059 561 1295 664 ophthalmicus
1331 591 1430 636 nun·

309 702 417 782 quam
443 681 684 775 contralmnt,
709 681 776 750 nisi
801 681 869 775 iis,
895 704 985 779 quae
1011 679 1229 754 catarrhosss
1255 693 1296 753 et·
1322 681 1431 754 rheu-

308 799 457 872 muticas
489 799 666 872 concitare
704 810 967 890 consuescunt,
1001 798 1137 898 injuriis
1174 813 1427 899 exponuntur,

309 915 444 990 seilicet
467 914 599 1016 rapidis
624 913 889 1016 atmosphaerae
920 913 1228 988 vicissitudinibus.
1253 957 1304 972 ·—
1329 915 1362 1007 d.
1387 916 1427 988 si

299 1033 530 1138 ophthalmia
555 1031 746 1107 scrofulosa
782 1031 998 1132 productum
1033 1027 1142 1106 solius
1179 1033 1427 1134 cacotrophiae

310 1155 527 1256 cognominis
552 1152 669 1249 soret,
694 1151 788 1225 illius
814 1165 938 1252 utpote
962 1150 1287 1252 metamorphoseos
1311 1156 1426 1253 speci-

310 1277 430 1371 iieae,
463 1297 555 1376 quae
592 1271 795 1346 eucherium
837 1267 1070 1345 scrofulosam
1113 1269 1251 1367 efficit,
1291 1270 1427 1372 uhique

310 1419 423 1470 rrnrrm
463 1391 687 1492 eundemque
721 1389 944 1463 manifestam
979 1387 1125 1462 deberet
1159 1388 1427 1488 characterem,

310 1512 452 1586 eosdem
469 1511 601 1612 ubique
625 1508 742 1584 moliri
767 1511 901 1603 exitus,
917 1506 1136 1610 eandemque
1156 1509 1223 1581 sihi
1248 1509 1426 1584 ‘uindicare

309 1629 474 1704 medendi
500 1629 701 1724 rationem,
724 1628 778 1699 uti
803 1624 964 1726 exempla
995 1624 1148 1700 offerunt
1180 1625 1425 1727 oplrthalmitis

310 1747 504 1843 ramulosa,
528 1767 698 1840 venerea,
722 1757 788 1816 etc.
814 1743 951 1815 Scimus
977 1755 1097 1814 autem
1122 1741 1166 1816 ab
1192 1745 1426 1844 experientia,

309 1863 406 1964 quod
430 1866 543 1964 prima
569 1863 703 1962 species
728 1874 926 1934 tractamen
951 1857 1138 1932 humidum
1156 1915 1165 1955 ‚
1181 1859 1342 1961 ‘collyria
1367 1863 1426 1934 ui-.

308 1986 440 2065 mirum
465 1984 531 2055 rite
556 1982 712 2078 selecta,
737 1977 978 2081 ophthalmiae
1014 1976 1236 2052 catarrhosae
1267 1977 1314 2052 ad
1346 2005 1422 2053 mo-

310 2098 424 2196 dum,
453 2121 526 2172 non
562 2099 761 2192 detrectat,
796 2094 952 2169 secunda
987 2113 1029 2168 ex
1064 2093 1213 2170 adverso
1248 2097 1424 2186 varietas,

310 2217 547 2292 theumatioae
572 2212 852 2315 oplrtholmitidis
877 2215 1008 2309 instar,
1025 2211 1069 2285 ab
1095 2209 1250 2288 humidis
1274 2215 1425 2316 pessime

311 2333 547 2409 exscerbatur.
581 2367 633 2390 -ι-
667 2330 701 2403 5.
744 2328 974 2430 ophthalmia
1010 2326 1204 2404 serosulosa
1241 2357 1423 2433 nunquam
1502 2349 1504 2352 ’

312 2453 504 2554 epidemice
530 2451 678 2550 grassari
711 2463 831 2549 posset
856 2451 1100 2548 (experientia
1128 2464 1248 2524 tamen
1282 2464 1420 2524 conua-

311 2575 404 2646 rium
429 2569 579 2642 docente
595 2575 633 2663 l,
658 2569 688 2640 si
713 2557 862 2668 simplex
887 2567 1031 2639 effectus
1061 2567 1259 2643 diatheseos
1290 2569 1424 2644 scrofu-

310 2691 406 2768 losae
432 2687 550 2784 soretg
573 2685 666 2759 hunc
691 2688 787 2759 enim
812 2685 1045 2786 epidernieam
1061 2708 1136 2760 esse
1153 2689 1298 2788 nequire
1315 2715 1423 2764 unus-

311 2803 460 2911 quisque
484 2805 698 2906 perspiciet,
722 2799 784 2904 qui
809 2817 967 2876 exactum
992 2826 1052 2877 rus
1076 2801 1256 2899 s'rttllrptuu
1281 2804 1340 2878 καὶ
1365 2831 1425 2878 των

312 2919 475 3021 χοίραδων
504 2920 621 2995 ideam
652 2919 771 2994 habet.
795 2963 846 2978 -
870 2919 904 2994 6.
939 2922 1021 2992 Pari
1058 2935 1244 3021 tempore,
1278 2948 1351 3024 quo
1388 2923 1424 2996 in

311 3035 514 3114 scrofulosis
544 3036 735 3113 individuis
771 3035 1011 3138 ophthalmiae
1046 3037 1259 3112 scrosulosae
1294 3041 1426 3140 possim

312 3171 521 3252 occurrunt,
545 3155 638 3228 inter
662 3181 786 3251 sanos,
811 3155 868 3230 vel
893 3155 1019 3228 saltem
1036 3181 1055 3227 a
1073 3155 1224 3228 scrofula
1251 3157 1425 3230 immunes

311 3273 575 3347 debacchantur
599 3271 840 3374 ophthalmiae
865 3274 1114 3370 catarrhosae,
1139 3289 1201 3347 aut
1235 3275 1427 3348 rheumati-

312 3407 400 3484 ωας
425 3413 508 3489 ergo
532 3390 579 3462 ad
604 3415 831 3464 communem
856 3393 1107 3492 scaturiginem
1142 3391 1430 3466 concludendum

312 3531 387 3578 esse
404 3509 529 3602 ,ratio
556 3507 689 3581 suadet
714 3509 854 3583 Eodem
878 3509 1007 3610 Aprilis
1024 3535 1160 3607 mense,
1185 3516 1284 3612 cujus
1310 3511 1427 3612 epido-

312 3623 404 3694 mica
429 3623 500 3696 satu
525 3621 583 3696 hic
608 3627 896 3725 perstringimus,
916 3627 953 3698 in
969 3627 1262 3728 Breplrotroplreo
1286 3643 1426 3702 nostrae

312 3735 410 3810 urhis
435 3737 588 3812 duorum
613 3738 753 3816 dierum
778 3744 893 3843 spatio
918 3743 1123 3843 quindecim
1139 3745 1315 3820 individui
1341 3747 1428 3848 oph-

311 3855 467 3930 thalmiis
492 3857 589 3932 luere
614 3863 777 3963 correpti.
801 3863 909 3936 Pueri
934 3863 1138 3961 scrolulosi,
1161 3865 1220 3940 rel
1239 3869 1301 3967 qui
1325 3865 1428 3941 levis-

311 3977 438 4052 simam
462 3991 600 4053 tantum
629 3983 829 4083 systematis
862 3981 1071 4084 lymphatici
1101 3983 1220 4058 labem
1254 3985 1427 4086 praebue-

311 4109 422 4193 runt,
455 4097 676 4198 ophthalmia
710 4098 925 4194 scroluloso,
956 4104 1111 4174 nutrices
1144 4101 1345 4178 catarrhosa
1369 4103 1427 4176 vel

257 4313 262 4324 ι
311 4213 555 4314 rheumatica,
585 4219 728 4291 neonsti
758 4217 904 4292 demum
938 4233 975 4292 et
1009 4217 1180 4292 lactantes
1193 4247 1199 4260 ·
1214 4218 1274 4293 illa
1312 4222 1428 4322 specie

311 4329 631 4430 conflictabantur,
661 4361 769 4436 quam
800 4335 999 4410 uberrimae
1029 4339 1233 4411 secretionis
1262 4363 1430 4413 mucosus

310 4449 419 4548 gretia
445 4451 948 4554 oplrthalmoblennorrhoeam
974 4455 1162 4558 appellunt
1189 4499 1238 4514 -·-
1264 4485 1298 4559 q.
1325 4458 1431 4560 Opto
