3252 5166
344 281 417 352 228

339 397 411 472 sale
436 413 472 476 et
497 399 755 501 homogeneum
780 404 909 476 sistunt
933 401 1114 476 viaculum
1133 413 1168 473 at
1184 401 1458 496 incursantem,

338 543 411 617 quc
437 533 492 594 tot
515 535 632 620 partes
657 519 908 620 heterogeneae
933 519 1111 620 (ideoque
1134 519 1230 593 raris
1254 521 1457 618 capacitate

337 637 524 737 dynamius
550 639 758 738 praeditae)
780 653 885 740 atque
910 637 1140 734 differentes,
1163 635 1274 712 veluti
1297 638 1336 709 in
1371 639 1457 710 uni-

338 769 446 830 tatem
469 757 731 833 indifferentem
756 769 1025 831 connectantur.
1049 755 1128 828 Hoc
1152 755 1259 854 igitur
1282 767 1452 856 respectu

336 874 561 952 membranae
585 902 723 952 setosae
747 901 885 952 summe
908 876 1101 972 idoneum,
1134 900 1180 948 ne
1214 873 1330 948 dicam
1367 875 1450 948 uni·

335 1017 441 1091 eum,
463 995 635 1095 praebent
658 993 912 1072 adminiculum
946 995 1172 1093 organicum,
1206 1017 1279 1093 quo
1316 1017 1450 1093 aequa·

335 1110 414 1184 bilis
451 1111 588 1186 obtinet
629 1110 829 1186 distributio
863 1109 1006 1189 illoram
1038 1108 1322 1205 elementorum,
1354 1136 1451 1210 quae
1548 1199 1555 1216 .

334 1229 402 1304 sab
426 1230 538 1306 forma
563 1231 688 1306 caloris
713 1246 749 1305 et
773 1229 1008 1304 electricitatis
1033 1229 1251 1330 emcipmoo
1276 1225 1449 1302 conflicta

333 1344 524 1448 dynamius
548 1363 585 1424 et
600 1347 712 1451 palari
738 1347 903 1422 antithesi
927 1347 1126 1449 systematis
1143 1345 1268 1420 nerrei
1288 1357 1325 1417 et
1350 1359 1446 1418 arte·

332 1467 416 1542 tiosi
440 1471 674 1567 extricantur,
697 1469 843 1569 parique
868 1481 1026 1567 ternpore
1043 1465 1136 1538 vitae
1149 1465 1333 1562 organicae
1358 1489 1447 1536 caa-

332 1607 407 1660 cum
432 1597 470 1660 et
492 1582 659 1660 effectam
683 1587 820 1658 sistunt.
845 1584 923 1658 lloc
947 1583 1077 1656 intuitu
1104 1607 1185 1680 ergo
1215 1579 1445 1662 membranae
1550 1609 1554 1616 ⁴

330 1723 468 1778 setosae
492 1727 575 1776 eam
601 1715 682 1776 cate
707 1713 744 1774 et
767 1699 994 1778 membranis
1005 1700 1156 1779 mucosis
1186 1699 1226 1772 in
1257 1681 1445 1780 manifesta

330 1829 415 1892 cunt
449 1803 687 1922 oppositiones
716 1818 802 1892 Illae
839 1817 1066 1892 conductioni
1106 1812 1443 1917 imponderabiliam

329 1935 594 2036 obsecundant,
617 1940 704 2012 istae
728 1939 833 2012 reniti
858 1937 904 2014 ad
928 1935 1198 2011 determinatam
1218 1931 1366 2033 gradmu
1382 1933 1443 2007 de-

329 2053 430 2152 bent,
453 2095 505 2112 -··
528 2055 632 2152 illae,
667 2083 745 2130 cea.
767 2057 967 2157 superficies
1004 2055 1188 2150 internae,
1223 2053 1442 2154 reciprocam

328 2177 421 2248 inter
445 2187 562 2276 partas
587 2175 789 2250 differentes
814 2175 1036 2252 harmoniam
1061 2189 1226 2270 tuentur,
1240 2189 1279 2250 et
1303 2189 1439 2250 certam

327 2296 508 2397 quandam
532 2293 826 2391 indifferentiam,
850 2319 912 2369 seu
937 2292 1206 2397 homonymiam
1228 2293 1442 2390 moliantur,

329 2409 424 2486 ande
450 2412 604 2514 aequalis
628 2414 665 2486 in
691 2436 838 2514 corpore
864 2428 985 2488 nostro
1010 2412 1125 2509 calor,
1149 2411 1302 2514 aequalis
1327 2413 1439 2487 ferme

327 2529 491 2606 electrita
516 2519 654 2629 tensio,
680 2531 736 2607 vel
761 2531 885 2605 saltem
902 2530 1056 2632 aequalis
1072 2555 1211 2632 semper
1232 2529 1328 2604 lusus
1344 2533 1440 2604 inter

327 2649 481 2752 singulos
507 2651 671 2748 lactares,
694 2652 781 2724 istae
806 2675 849 2723 ex
874 2649 1044 2746 adverso,
1069 2663 1239 2750 tanquam
1268 2663 1436 2723 externas

327 2767 438 2846 nostri
461 2770 618 2870 corporis
643 2782 782 2866 cortex,
806 2769 983 2863 alliciunt,
1007 2780 1048 2840 at
1082 2768 1299 2867 organismos
1334 2757 1460 2840 suam*

325 2897 496 2980 naturam¹
513 2882 797 2988 heteronymam,
823 2885 1150 2986 audeterminatam
1171 2884 1347 2985 quandam
1371 2885 1439 2957 dil·

326 3005 509 3080 serentiam
533 3003 641 3080 relate
667 3005 712 3079 ad
736 3001 912 3079 mundum
936 3018 1120 3077 externam
1142 3001 1323 3100 defendat,
1339 3004 1436 3078 ande

326 3127 511 3225 temperies
536 3137 572 3198 et
596 3122 802 3197 electricltas
819 3123 956 3196 diversa
974 3122 1019 3195 ab
1034 3121 1093 3194 illa
1113 3122 1220 3195 medii
1237 3121 1435 3200 ambientis.

324 3242 433 3317 Hisce
458 3249 530 3344 jam
554 3245 703 3316 intuitus
731 3239 993 3344 physiologicas
1025 3244 1225 3344 systematis
1241 3241 1435 3334 ¹membra·

323 3385 451 3432 narum
474 3382 672 3434 cerasorum
689 3385 754 3434 nos
771 3359 906 3432 facibus
932 3359 978 3433 ad
994 3363 1219 3457 rsosogemlzm
1243 3357 1435 3440 decantatis

324 3475 520 3576 conducet,
544 3489 716 3577 quatemu
742 3478 1018 3580 exactiornotic
1043 3477 1223 3575 substrati,
1248 3475 1436 3552 clariorem

281 3657 285 3664 .
322 3617 463 3693 qaoque
482 3593 605 3676 videam
629 3594 765 3690 morbi,
789 3601 934 3695 ejusque
959 3596 1100 3694 originis
1114 3593 1336 3695 'suppeditat

329 3745 336 3758 ’
364 3711 491 3784 Posito
516 3715 587 3813 jam
611 3713 817 3811 repentino,
841 3726 904 3786 aut
927 3715 1132 3812 continuato
1157 3737 1262 3786 aurae
1290 3713 1434 3812 frigidae

322 3845 358 3906 st
382 3827 576 3927 humidae,
599 3827 658 3904 vel
674 3829 788 3932 ‚etiarn
812 3832 925 3904 siccam
958 3856 1064 3932 super
1095 3845 1213 3904 cutem
1249 3831 1433 3905 uvidulam

320 3947 481 4046 influxu,
506 3945 715 4022 subducitur
739 3943 836 4022 calor
860 3963 897 4022 et
924 3948 1131 4022 electricitas
1166 3949 1203 4020 in
1238 3949 1433 4048 superficie.

316 4067 439 4144 ‹Hocoe
464 4065 642 4142 sublatum
667 4067 911 4168 aequilibrium
929 4068 1089 4167 inprimis
1106 4067 1305 4168 percipiunt
1322 4092 1434 4149 mem-

320 4186 449 4262 branae
475 4213 639 4282 scrosae,
664 4214 704 4259 aa
736 4186 916 4260 restituere
951 4185 1159 4259 adnituntur
1195 4183 1432 4257 incumbentis

319 4305 474 4376 murreris
500 4329 613 4375 causa.
641 4301 902 4402 Qualisoanque
923 4316 1046 4380 autem
1072 4301 1243 4400 cogitetur
1272 4301 1306 4372 in
1334 4327 1435 4397 arga-

317 4422 433 4494 rrisrno
461 4422 542 4520 tirso
569 4421 678 4518 nisus,
709 4421 917 4500 reso-cimai
944 4421 1137 4516 amissum,
1163 4417 1430 4520 inseparabilem
