3264 5194
324 366 616 584 blrletnmorphosie
650 479 848 580 regrediens
882 479 1164 582 correspondeat
1200 481 1323 570 Quum
1347 503 1438 554 vero

323 603 478 703 potiores
502 603 595 676 vitae
619 599 915 674 manifestationes
940 598 1090 701 propriis
1107 612 1273 696 regantur
1296 598 1438 696 organis

324 723 562 820 centralibus3
586 723 635 795 ita
659 721 789 796 herum
820 745 962 821 quoque
992 720 1131 818 energia
1162 743 1245 791 mox
1276 718 1439 791 intenda-

325 853 404 936 tur,
427 867 512 914 mox
536 840 740 936 minuatur,
764 865 905 914 necesse
931 853 1004 935 est,
1028 838 1147 938 prouti
1164 851 1328 909 externae
1353 861 1438 909 con-

325 959 498 1054 ditiones,
522 971 559 1032 et
583 984 673 1058 qnae
698 959 782 1034 inde
807 958 1190 1060 pendentreciprocae
1220 982 1303 1029 curn
1339 981 1439 1060 orga-
1567 1021 1570 1028 .

325 1079 441 1153 nisum
464 1074 653 1152 relationes
677 1093 870 1152 mutantur.
896 1077 997 1150 Hanc
1022 1076 1069 1152 ob
1094 1077 1268 1150 rationem
1285 1091 1438 1176 systema

325 1219 497 1272 nerveum
521 1209 558 1268 et
582 1196 697 1270 viscus
723 1195 834 1297 hepar
858 1210 1013 1294 aestate,
1035 1229 1088 1252 --
1111 1209 1265 1295 systema
1298 1196 1439 1294 arterio·

326 1340 408 1386 sum
432 1326 468 1385 et
492 1313 607 1386 viscus
632 1313 756 1414 pulmo
781 1314 937 1415 hyeme,
960 1358 1012 1376 ·--
1035 1315 1142 1388 tubus
1168 1329 1283 1414 gastro
1314 1317 1441 1388 euteri-

328 1457 412 1526 cns,
436 1432 510 1505 sive
535 1431 675 1506 officina
699 1431 871 1534 recipiens
896 1447 932 1506 et
957 1432 1158 1506 adsimilem
1182 1457 1284 1527 vere,
1307 1474 1359 1488 —
1382 1457 1440 1530 sy-

327 1563 440 1622 stema
465 1573 638 1623 venosum
667 1563 704 1624 et
734 1548 924 1623 absorbens
959 1575 1114 1622 unacum
1148 1549 1284 1647 organis
1320 1545 1439 1619 delae·

326 1667 509 1762 cantibus,
549 1665 624 1742 sive
665 1667 807 1740 officina
848 1665 1107 1740 resimllationis
1148 1679 1186 1739 et
1226 1663 1440 1736 reductionis

326 1785 542 1858 eminentem
576 1769 722 1857 exerunt
757 1765 923 1884 energiae
955 1811 997 1858 ac
1035 1781 1231 1857 sedulitatis
1266 1779 1441 1880 gradum,

326 1899 478 2005 ideoque
502 1907 646 1978 caeteris
671 1904 815 2007 peribus
831 1905 1065 2007 promptiores
1086 1927 1166 2002 erga
1188 1901 1333 2002 injurias
1354 1923 1439 1998 qua·

326 2021 518 2123 lescnnqne
543 2037 729 2124 opponunt
753 2017 957 2096 mentiones.
983 2022 1083 2095 Cutis
1108 2020 1307 2098 demumst
1331 2043 1440 2090 menr-

328 2139 459 2214 branae
485 2165 665 2236 inocente,
680 2181 731 2200 —-
755 2165 845 2240 quae
870 2141 1015 2215 extimas
1038 2137 1227 2238 organisml
1250 2161 1329 2211 oras
1354 2135 1441 2210 ami·

329 2261 447 2354 ciunt,
463 2260 600 2357 organis
617 2258 804 2332 interaneis
821 2285 904 2330 cnm
919 2256 1055 2332 mundo
1071 2269 1216 2330 externo
1233 2267 1441 2328 connecten-

329 2375 383 2449 dis
400 2377 615 2471 inserviunt,
632 2374 763 2477 talique
778 2391 884 2477 pacto
901 2375 1187 2449 communissima
1203 2373 1441 2474 potentiarum

329 2506 404 2566 tam
434 2495 650 2591 amicarum,
685 2521 793 2594 quam
828 2492 1012 2566 hostilium
1048 2494 1135 2566 atria
1170 2490 1367 2595 praebent,
1390 2531 1438 2546 —

329 2612 454 2712 quovis
480 2612 563 2684 armi
588 2627 747 2713 tempore
772 2639 835 2686 sua
861 2612 1058 2686 defendunt
1082 2617 1168 2714 jura.

379 2729 516 2822 Quodsi
541 2729 694 2828 singulas
718 2731 953 2828 mutationes,
977 2757 1067 2832 qnae
1092 2732 1131 2804 in
1147 2731 1441 2807 unimrsarernm

319 2861 454 2922 ‘natum
478 2847 545 2920 snb
569 2848 748 2948 periodico
772 2851 855 2922 antri
881 2863 1085 2951 temporum
1101 2846 1205 2949 cyclo
1221 2847 1437 2942 obveniunt,

329 2967 436 3069 paulo
461 2966 660 3040 adcuratius
685 2967 925 3069 perpendere,
949 2994 1076 3068 easque
1094 2993 1177 3040 cnm
1193 2963 1328 3065 legibus
1345 2966 1439 3039 vitae

328 3083 692 3184 organico-emmelis,
728 3112 794 3158 nec
828 3111 902 3160 nen
938 3111 1020 3158 oum
1055 3082 1266 3186 specialibus
1308 3082 1441 3154 muniis

329 3202 548 3302 singulorum
581 3217 813 3304 systematum
848 3216 884 3282 et
924 3227 1137 3301 organorum
1170 3197 1330 3273 conferre
1366 3221 1441 3271 non

331 3323 469 3423 pigeat,
483 3365 536 3382 --
548 3322 768 3422 supradictae
793 3322 950 3421 semoris
973 3321 1119 3394 humani
1135 3315 1438 3417 metamorphoses

331 3439 530 3541 periodicae
554 3465 627 3513 non
651 3437 787 3535 solnm,
811 3439 874 3512 sed
898 3440 1006 3533 etiam
1031 3436 1289 3513 constitutionis
1320 3431 1442 3534 epide·

332 3553 445 3628 micae
461 3555 550 3629 ratio
568 3555 683 3651 varia,
698 3569 804 3656 atquo
821 3555 1027 3628 morborum
1041 3553 1267 3656 popularium
1283 3549 1441 3626 diversus

332 3669 513 3775 clrarac'ter
542 3672 617 3745 sine
648 3673 788 3772 negotio
823 3671 973 3772 intelligi
1008 3684 1184 3772 poterimt.
1209 3711 1261 3732 -··
1284 3667 1443 3746 Eaedem

331 3789 550 3864 conditiones
585 3792 757 3864 cosmicae
791 3803 828 3863 et
861 3788 1061 3885 telluricae,
1096 3813 1186 3889 quae
1211 3787 1266 3860 sui
1290 3783 1440 3886 praedo·

331 3909 464 4006 minio,
497 3925 534 3983 et
569 3911 737 3983 eminenti
772 3907 907 3982 inlluxu
941 3934 1026 3983 mox
1062 3907 1193 4008 hujus,
1227 3931 1311 3979 mox
1340 3904 1441 3978 'illius

331 4029 530 4126 systematis
547 4029 722 4130 organici,
746 4029 850 4100 utrius
867 4027 1053 4102 alteriusve
1069 4025 1211 4100 visceris
1228 4022 1444 4096 activitatem

331 4146 526 4243 extollunt,
550 4147 774 4248 deprimunt,
799 4147 862 4220 aut
881 4145 1086 4248 qualitative
1101 4143 1268 4239 laedunt,
1292 4141 1443 4241 ideoque

331 4265 581 4368 particularem
604 4267 697 4340 vitae
723 4266 873 4338 sormam
889 4265 1101 4359 immutant,
1116 4303 1167 4320 ·-
1183 4263 1339 4362 primum
1356 4285 1444 4361 que-

331 4412 401 4484 que
437 4399 575 4484 ponnnt
610 4385 752 4482 germen
788 4383 1050 4484 proclivitatem
1086 4383 1124 4456 in
1162 4379 1331 4478 morbos,
1367 4379 1442 4452 sive

331 4501 542 4578 diathesinnr
568 4501 930 4603 corstitutionalium,
954 4503 1082 4607 quibus
1106 4501 1286 4600 nerninem
1310 4511 1443 4595 morta-
