3264 5194
295 433 296 436 ,
1223 373 1301 448 'rr-3
1333 367 1336 374 λ

192 515 234 562 ac
259 486 340 564 ideo
364 476 605 562 efficacissimo
629 462 853 559 extimulatae
863 467 1135 591 ,ondecunque
1157 425 1303 566 circula·

192 607 299 680 tionis
323 605 575 708 impedimenta
606 601 742 678 facilius
779 629 945 704 superare
980 605 1084 682 valet
1109 609 1302 694 Concludit

192 751 272 799 mus
296 727 415 826 itaque
439 723 590 824 suspiria
605 723 644 794 in
659 717 788 803 umidis
807 720 1106 823 pmeoorsinttm
1120 727 1301 801 essentiale

190 868 264 918 esse
287 855 511 942 syrtpmme,
534 852 571 911 et
591 842 626 914 sl
646 863 730 912 enm
752 839 922 914 sonuum
946 837 1158 934 mnam,
1183 849 1303 918 uiuam

190 961 305 1036 cordis
328 960 467 1049 meni,
491 962 559 1032 siue
582 954 750 1060 sphaerae
773 983 918 1034 senesce
942 959 1104 1038 nitram
1288 1005 1295 1022 ι

241 1074 535 1154 Haemondoides
559 1077 597 1149 in
630 1075 790 1176 agricolis
824 1075 1039 1154 nostratibus
1067 1077 1163 1156 baud
1193 1079 1302 1154 infra

194 1219 306 1294 quens
330 1195 460 1267 sistunt
483 1191 626 1278 malum.
652 1195 745 1267 Cum
768 1201 854 1268 v'ero
887 1195 925 1268 in
960 1195 1002 1270 iis
1033 1197 1107 1274 vin
1137 1195 1299 1274 sedenta-

192 1311 265 1406 ria,
289 1311 506 1386 suetissimus
541 1308 626 1384 alias
663 1309 977 1388 haemorrhoidum
1013 1312 1113 1409 fons,
1146 1314 1301 1390 incusari

192 1441 369 1528 nequeat,
392 1428 566 1502 rationem
591 1424 675 1500 alibi
700 1453 866 1530 quaerere
891 1443 1040 1530 oportet,
1066 1431 1184 1530 Magni
1212 1429 1302 1534 sple-

192 1572 276 1644 nes,
304 1546 441 1648 hepatis
477 1545 704 1647 emphraxes,
739 1544 810 1622 alvi
848 1549 989 1624 siccitas
1031 1563 1068 1623 et
1107 1549 1301 1652 oppilatio,

192 1689 377 1764 compages
401 1661 502 1758 laxa,
519 1676 625 1763 atque
649 1663 829 1738 remotiori
853 1665 983 1740 intuitu
1021 1662 1125 1739 clima
1166 1665 1300 1764 udum,

191 1779 305 1853 febres
336 1781 609 1863 intermittentes
651 1779 862 1878 diuturnae,
903 1781 1081 1880 rebelles,
1100 1783 1301 1882 recidivae,

190 1923 274 1971 usus
299 1895 463 1997 polentae
489 1898 611 1996 Mays,
635 1909 809 1997 quatenus
833 1911 995 1978 ventrem
1010 1899 1132 1998 stipat,
1148 1899 1185 1971 in
1201 1897 1301 1974 serni-

190 2015 246 2086 nis
270 2016 373 2088 nixus
411 2012 457 2094 ad
478 2026 658 2114 partum,
692 2015 951 2112 quammaxime
986 2015 1207 2098 contribuere
1243 2015 1299 2090 vi·

192 2129 331 2204 dentur.
356 2129 475 2207 Posita
504 2127 613 2211 semel
643 2129 792 2204 diatbesi
829 2129 1012 2230 morbosa¹
1034 2133 1073 2208 in
1109 2145 1300 2234 systemate

189 2272 321 2322 venosa
346 2245 581 2346 abdominali,
606 2253 751 2351 ejusque
777 2248 905 2323 ellectu
943 2251 1061 2348 vario,
1093 2253 1210 2327 atonia
1241 2276 1301 2326 va·

187 2396 323 2468 sorum,
356 2385 457 2446 motu
492 2373 669 2471 sanguiris
697 2373 824 2467 inerti,
865 2373 1089 2472 congestione
1126 2359 1298 2475 passiva,

191 2487 248 2564 vol
271 2513 353 2566 vera
378 2489 479 2585 ataui,
502 2502 543 2563 et·
566 2489 726 2591 inprimis
761 2490 982 2565 varicositate
1012 2517 1182 2566 venarum
1216 2489 1299 2565 hae·

193 2603 504 2702 morrhoidalium,
526 2603 578 2678 nil
601 2606 733 2680 mirum
757 2608 848 2701 erit,
871 2608 902 2680 si
932 2619 969 2680 et
996 2609 1213 2682 contermina
1237 2629 1298 2682 or·

191 2749 302 2821 gana,
325 2743 490 2798 vasonum
515 2723 795 2800 anastomosibus
819 2749 994 2821 connexa,
1017 2725 1054 2797 in
1079 2724 1297 2798 consortium

188 2840 394 2936 trahantur,
417 2855 538 2914 uterus
562 2841 600 2913 in
624 2841 783 2937 leminis,
809 2840 923 2916 vesica
949 2843 1101 2922 urinaria
1130 2843 1167 2916 in
1192 2843 1297 2938 viris,

185 2955 371 3057 labemque
396 2957 607 3032 contrahent
631 2955 683 3032 illi
707 2957 910 3058 anelogam,
927 2985 996 3059 qua
1022 2973 1168 3060 uterque
1193 2983 1296 3034 sexus

186 3075 233 3148 ad
255 3076 419 3150 infimum
445 3073 585 3150 cloacae
601 3075 809 3152 intestinalis
825 3077 955 3152 ostium
977 3075 1171 3152 conflictari
1196 3076 1296 3152 solet.

180 3191 272 3275 ,Inde
295 3189 577 3274 haemorrhoides
601 3197 715 3284 uteri,
749 3207 787 3268 et
811 3197 981 3286 ¹uesicam,
1015 3219 1206 3294 earumque
1243 3219 1297 3268 se·

183 3307 307 3408 quelae
331 3307 428 3393 haud
453 3335 533 3390 raro
558 3309 717 3390 funestae
740 3313 780 3387 in
812 3338 853 3386 ee
888 3311 997 3388 classe
1034 3311 1296 3410 habitantium,
1321 3329 1330 3344 ⁴

184 3451 294 3524 quam
317 3452 340 3508 a
363 3425 468 3500 simili
493 3425 669 3508 malorum
693 3453 819 3529 genere
837 3431 983 3510 omniuo
1004 3429 1199 3504 immunem
1215 3453 1294 3506 cro·

183 3542 294 3624 detes.
318 3543 376 3625 En
400 3545 627 3626 memorabile
651 3545 869 3648 exemplum..

244 3661 429 3756 Rusticus,
465 3661 513 3756 54
534 3655 746 3760 ‚annorum,
773 3665 867 3739 iuter
902 3665 1059 3766 arpenna
1093 3677 1131 3740 et
1166 3664 1294 3765 inigua

182 3804 315 3878 pascua
339 3805 484 3878 egenum
509 3780 642 3864 ducens
666 3783 798 3880 vitam,
821 3784 1024 3857 innumerus
1049 3781 1162 3857 lehrcs
1187 3785 1295 3858 inter

183 3898 362 3972 mittentes
388 3901 458 3998 jam
483 3924 627 3999 passus,
651 3897 1013 3978 haemorrhoidulibus
1043 3925 1148 4001 saepe
1181 3889 1299 3976 ohne-¹

185 4012 261 4084 xius
286 4011 470 4111 molestiis,
494 4015 652 4116 adeoque
677 4017 812 4092 enormi
844 4017 1005 4099 foedatus
1034 4015 1135 4091 lienis
1170 4043 1294 4118 parec-

183 4146 335 4229 tamate,
360 4146 400 4207 ut
424 4133 534 4210 ferme
566 4149 677 4218 totam
712 4149 902 4237 occuparet
935 4137 1127 4236 regionem,
1148 4135 1293 4236 epicoli·

182 4273 286 4344 eam,
308 4249 366 4324 die
397 4251 451 4326 13.
476 4250 681 4344 Decembris
711 4255 803 4356 1817
829 4281 872 4328 ex
889 4253 1081 4355 improviso
1106 4255 1294 4356 corripitur

181 4364 304 4448 dolore
328 4369 487 4468 pressino
511 4368 557 4454 ad
581 4367 732 4448 bulbum
768 4372 953 4469 uretlrrae,
989 4369 1178 4446 accedente
1210 4397 1292 4447 mox

183 4497 341 4570 teuemao
365 4488 412 4574 ad
445 4489 636 4591 matulam,
671 4491 826 4596 latioque
869 4492 1032 4594 guttatim
1065 4505 1231 4592 tentum,
1254 4505 1292 4576 et
