3252 5166
309 379 381 438 200

303 477 446 558 mundo
470 493 614 556 externo
639 471 994 552 communicationem
1010 467 1164 567 babent,
1181 464 1328 544 rheuma
1352 471 1419 543 cic·

296 597 557 681 ‚sumseribitnr
572 595 618 668 ad
634 594 833 694 superficies
850 593 1004 664 internas
1018 645 1027 685 ,
1041 587 1264 662 membranas
1285 613 1418 662 seroso-

308 715 467 790 iibrosas.
490 755 541 771 -··
566 715 660 812 Ergo
685 707 965 782 manifestissima
990 709 1082 780 inter
1105 705 1280 778 diatlresin
1303 719 1416 778 catar-

308 833 452 908 rhosam
477 845 513 904 et
536 829 791 902 rheumaticaur
814 828 910 924 riget
933 823 1135 918 antithesis,
1164 821 1248 895 licet
1270 821 1415 923 quibus-

308 952 396 1027 dem
420 945 638 1051 respectibus
662 966 873 1045 congeneres
901 943 972 1016 dici
1007 943 1152 1042 possint
1181 941 1236 1014 Ea
1271 955 1417 1042 propter

308 1072 416 1145 etiam
440 1069 531 1141 ratio
555 1065 703 1162 suadet,
725 1066 857 1138 intuitu
892 1082 1056 1161 geneseos
1088 1053 1245 1160 aliquam
1273 1059 1415 1134 subesse

306 1185 437 1261 debere
460 1183 720 1278 diversitatem,
743 1179 904 1280 quamtis
933 1199 1037 1251 cansa
1063 1176 1337 1277 pmcatamtiea,
1361 1177 1414 1250 ri·

296 1305 475 1380 -oissitudo
502 1301 705 1404 temperiei,
729 1298 776 1372 ad
799 1297 954 1398 speciem
978 1294 1102 1368 eadem
1134 1315 1210 1368 esse
1244 1293 1413 1368 rideatur.

305 1423 402 1496 Haec
426 1436 546 1496 autem
571 1418 777 1512 diversitas,
792 1413 906 1488 obiter
923 1426 1062 1486 tantum
1083 1410 1257 1506 indicata,
1273 1413 1412 1484 nornrisi

305 1559 492 1640 progressu
517 1536 685 1637 temporis
710 1557 754 1608 ex
769 1531 984 1604 intemeratis
1007 1527 1308 1603 obsewationibns
1325 1529 1416 1623 erui,

307 1671 415 1757 atque
437 1683 460 1730 e
485 1654 673 1756 reoipmcis
696 1648 924 1724 relationibus
954 1646 1266 1720 determinatarum
1294 1645 1415 1746 sphae-

307 1797 429 1848 rarum
453 1773 641 1874 organismi
666 1769 739 1846 viri
762 1770 855 1842 inter
878 1791 938 1861 sc,
962 1777 999 1838 et
1023 1789 1105 1838 cum
1127 1763 1279 1838 definitis
1296 1777 1416 1864 poten-

308 1887 366 1965 tiis
397 1895 548 1965 extemis
572 1887 738 1962 illustrari
762 1885 901 1986 poterit
916 1882 1132 1956 Decurrente
1149 1879 1274 1952 saltem
1295 1905 1415 1954 mense

308 2009 555 2084 catarrhorum
590 2005 856 2106 frequentiam,
895 2016 932 2075 et
975 1999 1202 2074 rheumatum
1236 1999 1414 2072 raritatem

307 2123 574 2225 atmcsphserae
607 2123 725 2194 minus
754 2117 954 2214 uvesaenti,
981 2117 1096 2192 ventis
1125 2117 1277 2216 asperis,
1310 2129 1414 2217 atque

257 2313 266 2338 ,
310 2243 526 2318 electricitnti
552 2239 677 2312 crebro
701 2239 902 2336 negativae,
925 2238 963 2308 in
988 2236 1135 2336 gratiam
1164 2233 1314 2309 nubium
1336 2260 1416 2336 pru-

307 2358 538 2454 uellosarum,
562 2355 721 2457 adprime
745 2354 1020 2454 correspondens
1042 2353 1206 2428 vidimus.

354 2473 484 2551 Febres
508 2477 769 2548 nemetense
793 2472 910 2546 adhuc
934 2473 1164 2574 paucissimae
1189 2483 1309 2567 erant,
1333 2495 1414 2544 eac-

309 2621 380 2698 que
404 2617 525 2672 versus
550 2595 658 2667 finem
682 2594 822 2666 mensis.
852 2587 921 2665 Sua
951 2606 1072 2667 tumen
1100 2599 1178 2694 jura
1205 2590 1415 2666 defendebat

306 2713 592 2814 aequinoctium,
616 2725 763 2785 cunctae
788 2711 884 2784 enim
909 2707 1022 2784 febres
1047 2711 1255 2805 continuae,
1279 2724 1317 2784 et
1339 2735 1415 2810 spe·

305 2831 431 2904 ciatim'
449 2828 672 2904 catarrhosae
696 2828 784 2903 adeo
818 2827 993 2902 solemnes
1027 2827 1241 2901 exluibebant
1274 2853 1413 2902 exacer-

306 2949 466 3026 bationes
490 2963 528 3024 et
550 2950 794 3047 remissiones,
817 2965 859 3023 nt
893 2947 1002 3024 ferme
1036 2948 1246 3051 dialeipyras
1276 2949 1415 3023 simula·

304 3085 393 3145 rent.
418 3064 525 3144 Tales
549 3083 669 3144 sutem
693 3094 767 3145 non
792 3065 917 3168 luisse,
932 3072 1072 3172 ‘partim
1108 3093 1128 3142 e
1165 3069 1316 3142 decursu
1341 3093 1417 3142 non

306 3190 525 3290 interrupto,
554 3189 685 3291 partim
719 3215 762 3262 ex
797 3203 903 3262 auctu
946 3185 1147 3290 vespertino
1187 3186 1415 3262 decrevimus.

305 3305 436 3378 Febres
452 3307 723 3378 intermittentes
740 3305 1054 3408 quotidianae‚etsi
1066 3303 1319 3378 subcontinnae
1332 3305 1416 3400 sint,

293 3425 527 3526 ⁸paronysmis
551 3425 725 3500 invadunt
749 3428 951 3523 matutinis,
982 3441 1018 3500 et
1048 3425 1117 3499 hoc
1144 3438 1307 3525 respectu
1344 3429 1415 3524 jam

306 3543 536 3618 essentialiter
560 3543 760 3644 discrepant
784 3570 803 3617 a
830 3546 1004 3620 continuis
1029 3541 1301 3639 remittentibus,
1317 3539 1415 3616 salvo

307 3687 448 3764 semper
471 3660 723 3735 anomaliarum
749 3687 841 3735 casu.

353 3777 663 3874 Quemadmodum
691 3778 877 3879 adpetente
912 3801 994 3854 vere
1027 3781 1065 3852 in
1100 3777 1239 3854 cunctis
1272 3777 1414 3852 entibus

306 3898 480 3999 organicis
516 3897 613 3970 irisus
648 3889 855 3972 formativus
891 3901 1069 3999 potentius
1105 3899 1285 3998 exsurgit,
1309 3913 1415 3998 atque

303 4015 462 4090 rediviva
487 4039 550 4115 per
582 4027 697 4090 totum
733 4013 1033 4116 hemisphaerium
1067 4015 1202 4090 telluris
1236 4016 1416 4092 vernantis

305 4132 489 4210 efficientia
515 4132 703 4232 expansivs
727 4147 865 4208 motum
891 4133 1094 4232 organicum
1119 4131 1269 4208 alacrius
1289 4159 1309 4205 e
1333 4131 1418 4206 late·

305 4249 379 4324 bris
403 4248 617 4324 centralibns
642 4273 763 4322 versus
787 4248 1025 4351 peripheriam
1059 4249 1272 4326 determinat
1297 4263 1335 4324 et
1364 4248 1417 4323 sl·

305 4365 409 4462 licit,
436 4407 490 4429 --
516 4367 566 4438 ita
601 4367 708 4440 etiam
744 4367 783 4440 in
819 4367 1052 4442 naicrocosmo
1087 4365 1245 4440 humano
1282 4364 1416 4467 sliquid

219 4585 228 4600 ἱ
305 4481 440 4584 snalogi
466 4484 602 4560 accidit.
627 4487 787 4588 systema
812 4499 1002 4596 ostensum
1030 4487 1162 4590 purtim
1197 4483 1243 4564 ab
1277 4488 1415 4566 interna
