3148 5170
257 273 336 382 ali

254 416 290 478 et
314 403 463 477 maxime
489 403 526 475 iu
552 401 639 476 facie
664 402 832 515 pustulas.
871 402 943 488 Sub
974 429 1041 476 usu
1067 404 1237 476 mixturae
1262 427 1373 475 ecco·

252 523 408 623 proticae
432 535 469 594 et
492 535 642 624 potuum
668 521 950 621 refrigerantium
974 521 1074 597 brevi
1100 519 1289 596 convaluit

302 637 478 713 &starem
497 635 795 744 phlyctaenosum
805 694 820 728 ,
854 637 899 716 ab
933 638 1144 712 insolatione
1180 653 1216 712 et
1240 635 1372 711 subse·

252 772 382 860 quante
406 757 584 857 refrigerio
609 767 748 854 ortum,
771 759 809 831 in
827 759 946 862 juveni
962 757 1120 834 bubulco
1138 757 1374 833 tractandum

196 927 204 955 2
252 875 448 950 habuimus.
474 873 643 951 Levioula
667 875 774 950 labris
799 901 918 952 comes
942 875 1039 975 ibat,
1063 878 1180 952 omnis
1205 875 1375 976 gasnica·

252 1019 333 1066 rum
366 991 610 1094 impuritatum
640 995 847 1095 suspicionis
882 997 1090 1096 neutiquam
1124 1019 1256 1096 expers.
1293 993 1374 1066 Eas
1514 1053 1524 1072 .

251 1135 337 1187 vero
359 1113 476 1214 potius
502 1111 805 1187 eftectum'taesae
831 1114 1020 1189 functionis
1038 1127 1230 1210 cutaneae,
1255 1138 1374 1214 quam

251 1233 446 1333 erupt'onis
472 1257 614 1304 causam
640 1231 862 1306 credidimus.
879 1235 910 1306 A
926 1229 1049 1306 scrobe
1067 1233 1184 1306 cordis
1209 1229 1372 1310 dextror-

251 1369 332 1420 sum
357 1369 468 1448 usque
493 1343 540 1420 ad
563 1349 701 1450 spinam
718 1347 814 1422 dorsi
831 1347 1089 1450 erysipelaceus
1112 1343 1371 1422 extendebatur

252 1463 382 1562 rubor,
405 1465 474 1538 cui'
487 1461 722 1564 phlyctaenae
748 1463 949 1538 insidebant
973 1479 1192 1566 segregatae,
1217 1491 1258 1537 ac
1283 1462 1369 1537 lim·

251 1579 338 1682 pido
360 1579 464 1658 latice
488 1581 646 1655 refertae.
671 1579 800 1680 Nulla,
823 1597 962 1686 praeter
987 1583 1183 1684 pauxillum
1208 1581 1370 1678 ardoris,

251 1695 422 1772 molestia.
447 1696 592 1803 Hepatis
618 1699 818 1800 emphraxis
849 1701 1043 1775 manifesta.
1080 1699 1289 1775 Potionibus
1313 1698 1367 1774 la·

252 1815 416 1889 arentibus
442 1829 478 1890 et
502 1817 779 1920 temperantibus
814 1815 1029 1893 absolvimus
1060 1843 1205 1914 curam,
1229 1815 1274 1890 ab
1300 1843 1365 1891 ox·

245 1931 361 2015 ternis
396 1930 611 2007 abstinentes
642 1933 832 2036 praesidiis.
856 1978 908 1998 -·-
930 1938 1032 2010 Licet
1067 1937 1164 2036 origo
1194 1936 1370 2032 zoster-ts,

252 2051 328 2122 sive
352 2071 436 2123 eum
460 2049 651 2152 erysipelas
676 2051 889 2150 vesiculam,
912 2053 986 2128 sive
1010 2053 1194 2128 scismatis
1211 2053 1369 2154 speciem

170 2193 173 2201 '
252 2163 429 2247 declarare
454 2163 582 2266 libeat,
607 2195 626 2243 e
651 2167 871 2270 generalibus
896 2173 1126 2273 pathogeniae
1149 2173 1369 2274 praeceptis,

252 2287 365 2389 posita
382 2286 549 2388 prophasi
565 2285 610 2360 ab
628 2301 730 2387 aegro
748 2286 948 2389 adsignata,
964 2289 1061 2365 haud
1077 2289 1265 2368 difficulter
1281 2315 1368 2364 con·

253 2405 426 2507 eripiatur,
450 2402 599 2480 obscura
624 2417 744 2480 tamen
768 2433 908 2509 semper
930 2423 1051 2482 manet
1073 2410 1162 2482 ratio
1184 2407 1296 2505 sedis,
1320 2435 1365 2482 ec

254 2521 801 2625 l'ormaesingularis.du110stro
818 2525 856 2598 in
873 2551 957 2600 casu
973 2525 1180 2602 delitescam
1198 2527 1363 2628 jecinoris

252 2641 348 2718 labes
365 2644 587 2744 eruptionem
604 2639 650 2718 ad
666 2639 978 2745 hypoohondn'um
993 2642 1160 2718 dextrum
1175 2645 1366 2720 invitavit?

302 2753 504 2863 Eryslpelas
520 2755 638 2862 saciet
669 2763 897 2837 vestculosum
906 2817 921 2854 ,
955 2787 1027 2864 quo
1065 2760 1195 2837 femina
1220 2760 1366 2838 robusta

253 2873 379 2953 crebro
413 2878 567 2956 exerceri
598 2875 757 2980 solebat,
779 2906 912 2984 paucos
942 2882 1033 2955 intra
1059 2879 1133 2955 dies
1159 2879 1362 2982 adaequatis

253 2993 415 3069 remediis
440 2991 643 3071 devicimus.
668 2995 773 3070 Facie
798 3009 916 3072 autem
942 3003 1084 3101 jamjam
1101 2994 1367 3074 detumescente

253 3135 374 3186 recem
404 3108 540 3215 phyma
577 3112 854 3216 erysipelaceum
890 3114 1064 3189 enticabat
1100 3115 1146 3190 ad
1182 3115 1364 3190 internum

253 3231 345 3307 ocuti
371 3231 483 3305 dextri
510 3232 695 3332 canthum',
712 3259 752 3307 ea
769 3234 914 3336 quidem
930 3233 996 3307 sub
1020 3233 1148 3331 forma,
1159 3260 1266 3334 qnam
1283 3261 1367 3336 pas·

253 3350 321 3426 sim
336 3344 585 3455 Anchylopcm
601 3351 788 3452 appellant
805 3351 895 3430 alvo
911 3343 1367 3452 purgantibus-sollicitata,

206 3473 214 3486 '
253 3478 358 3565 atque
383 3465 530 3540 sacculis
555 3467 823 3548 discutientibus
853 3466 1040 3571 phlogosin
1072 3471 1260 3572 reprimere
1288 3485 1368 3544 ten·

253 3583 415 3664 teximus.
440 3585 504 3658 Ast
528 3587 760 3687 nycthemero
790 3585 924 3662 nedum
959 3601 1081 3666 exacto
1117 3593 1189 3689 jam
1220 3587 1368 3664 indubia

251 3699 454 3778 fluctuantis
490 3699 603 3778 laticis
635 3706 733 3804 signa
765 3705 964 3803 instabant,
997 3733 1105 3806 quare
1138 3719 1275 3810 partem
1308 3707 1366 3778 in·

252 3815 470 3894 flammatam
494 3829 531 3893 et
555 3817 735 3894 dolentem
760 3821 1009 3924 cataplasmate
1031 3821 1232 3897 emolliente
1254 3823 1367 3897 foveri

253 3935 427 4036 jussimus.
451 3935 641 4010 hbsoessus
666 3951 792 4039 sponte
816 3941 943 4039 ruptus
960 3939 1035 4012 sine
1052 3939 1193 4038 negotio
1218 3937 1367 4012 consoli-

251 4052 420 4151 dabatur,
444 4078 510 4128 nec
536 4053 654 4152 aliud,
677 4069 816 4158 praeter
840 4056 1199 4158 duritiemsubjectae
1216 4056 1365 4157 dacryo·

251 4173 421 4275 cystidis,
444 4175 677 4274 posthumum
708 4179 884 4252 remansit.
910 4177 982 4251 Sub
1014 4179 1222 4253 continuato
1258 4176 1368 4269 ernol-

251 4293 413 4365 liantium
438 4319 504 4366 usu
539 4297 653 4371 onutis
687 4311 802 4372 metus
828 4297 1053 4372 secundariae
1079 4295 1215 4372 fistulae
1248 4295 1366 4396 lacry-

253 4410 354 4484 malls
381 4411 562 4512 disparuit.
