3228 5166
1278 387 1322 468 71

219 479 424 566 ricisdtudo
448 507 522 558 non
546 481 664 559 solam
687 481 733 558 ab
758 483 921 560 ordinato
946 485 1028 560 anni
1045 500 1247 588 temporum
1263 483 1329 558 cir·

220 601 335 698 cuitrr,
359 615 395 675 et
420 601 651 703 geographica
675 601 744 676 loci
769 603 959 704 positione,
982 605 1045 678 sed
1068 607 1177 678 etiam
1200 629 1222 676 a
1245 629 1328 704 par·

220 717 427 793 ticularibus
451 717 518 794 soli
541 717 789 822 qualitatibus,
812 721 888 796 sive
912 747 932 794 a
952 718 1123 822 physico,
1144 735 1186 794 ut
1211 726 1330 822 ajunt,

219 841 359 914 clirrrote
395 837 618 940 dependent,
658 853 764 942 atque
798 841 971 941 insignem
1004 842 1043 914 in
1076 837 1332 941 producendis,

220 954 418 1040 alardisct
440 955 682 1032 modificandis
720 957 854 1032 morbis
895 955 1124 1059 popularibus
1158 952 1331 1030 influxum

223 1085 395 1146 exercent
435 1073 489 1147 De
529 1073 585 1148 bis
626 1075 791 1150 ominbus
843 1079 915 1177 jam
967 1073 1075 1178 paulo
1116 1071 1331 1156 enucleatius

225 1188 479 1264 disserendum.
840 1217 847 1227 ·

272 1309 400 1383 Iterata
424 1310 543 1384 eximii
566 1310 793 1407 Professoris,
807 1311 918 1384 Prrar
936 1311 1204 1408 Courrexntcm,
1226 1331 1333 1412 expe·

224 1429 374 1502 rimenta
394 1454 483 1506 ‚cum
507 1439 586 1504 aere
611 1429 893 1530 atmosphaerico
916 1430 955 1502 in
980 1428 1126 1508 diversis
1151 1427 1238 1504 locis
1260 1427 1333 1528 agri

222 1544 419 1618 Ticinensis
450 1571 493 1627 eo
517 1547 588 1620 fine
612 1548 797 1644 instituta,
837 1559 879 1622 ut
919 1548 1205 1624 eudunoem’cum
1239 1543 1333 1628 illius

221 1676 366 1737 eruatur
389 1667 587 1762 ingenium,
612 1664 884 1740 corroborarunt
907 1665 1167 1742 observationes
1191 1663 1335 1738 exactis·
1465 1753 1468 1760 y

223 1781 330 1854 simas
366 1807 587 1856 summorum
621 1784 802 1883 virorum,
833 1783 1006 1883 Voarsr,
1036 1785 1199 1882 Securos,
1233 1782 1335 1854 Horr-

224 1924 363 1973 eoeorn
377 1955 387 1997 ,
402 1913 439 1973 et
455 1899 695 1976 Gar-Lussucr
707 1933 718 2000 3
732 1903 998 2004 proportionem
1020 1901 1185 1980 videlicet
1208 1897 1332 2001 vulga·

224 2018 317 2090 rium
341 2017 598 2096 elementorum
622 2021 709 2094 aeris
734 2021 794 2098 vix
810 2047 852 2100 ac
868 2047 914 2095 ne
936 2022 996 2096 vix
1020 2020 1164 2124 quidem
1179 2019 1335 2114 variare,

223 2136 263 2207 in
288 2134 535 2238 qualicumque
559 2136 705 2212 &mum
737 2138 818 2215 loco
850 2139 1048 2242 periculum
1084 2141 1162 2238 fiat,
1197 2135 1334 2213 elatiori

224 2266 286 2326 aut
319 2253 505 2353 depresso,
538 2253 711 2356 uliginoso
745 2255 805 2333 vel
832 2258 951 2358 aprico
985 2261 1043 2352 (ι).
1067 2256 1250 2332 Incassum
1273 2253 1335 2353 igi·

222 2374 384 2474 torquis
409 2372 544 2448 fontem
568 2373 775 2454 morborum
799 2375 1076 2477 epidemicorum
1094 2375 1133 2448 in
1149 2369 1333 2448 eudiomc·

222 2494 312 2567 trico
337 2494 603 2595 atmosphaerae
638 2510 749 2594 statu,
777 2497 852 2572 sive
889 2496 928 2570 in
956 2495 1054 2570 varia
1087 2491 1255 2596 oxygonio
1287 2487 1334 2564 ad

222 2625 365 2686 azotum
388 2615 617 2714 proportione
642 2627 835 2714 quaereret.
850 2611 937 2689 Ideo
952 2627 1073 2688 tamen
1094 2633 1200 2684 nemo
1216 2605 1334 2682 adhuc

221 2729 378 2806 diversas
403 2733 492 2806 aeris
516 2733 759 2833 corruptiones
779 2757 910 2831 negare
935 2729 1100 2826 audebit,
1134 2751 1225 2829 quae
1255 2723 1334 2798 nul·

220 2847 274 2922 las
299 2849 465 2951 equidem
488 2850 696 2928 eudiometri
721 2853 935 2926 mutationes
959 2847 1188 2949 producunt,
1212 2869 1233 2916 e
1257 2867 1333 2916 ma·

222 2965 455 3042 nilcstiseimis
488 2993 610 3064 vero,
646 2993 735 3068 quos
772 2993 879 3068 super
919 2966 1014 3038 entia
1050 2965 1132 3039 riva
1160 2973 1334 3056 exermu,

224 3082 422 3158 ellectubus
448 3109 576 3185 aeque,
600 3109 642 3158 eo
667 3111 686 3158 e
712 3085 844 3160 foetore
868 3074 1009 3170 diverso
1028 3081 1104 3156 sine
1128 3075 1333 3154 difficultate

142 3213 148 3224 '
222 3177 300 3274 emi
324 3217 481 3302 possunt
507 3203 721 3304 Huiusmodi
745 3203 954 3304 mephiticus
983 3197 1220 3276 exhalationes
1249 3220 1331 3298 par·

223 3319 381 3392 turiunt:
398 3319 558 3416 cloacae,
573 3322 753 3417 sentinae,
769 3323 972 3422 angiportus
989 3317 1140 3415 sordidi,
1155 3315 1332 3414 lanienae,

222 3436 381 3539 aliaeque
406 3437 644 3538 graveolentes
679 3439 839 3512 officinae
868 3440 906 3512 in
936 3437 1055 3516 medio
1089 3433 1185 3509 urbis
1222 3434 1332 3529 sitae.;

182 3553 186 3570 '
220 3556 368 3630 demum
384 3558 476 3630 ruri:
493 3555 712 3659 sterquilinia
738 3559 812 3632 sine
837 3558 1000 3636 cautione
1023 3557 1063 3628 in
1091 3578 1258 3627 casarum.
1275 3551 1330 3626 vi·

219 3675 321 3750 nniis
346 3673 586 3772 adcumulata,
612 3675 722 3750 fasces
749 3675 915 3748 camrabis
940 3689 977 3748 ct
1000 3671 1064 3746 lini
1080 3673 1118 3744 in
1143 3672 1243 3772 aquis
1262 3682 1331 3744 sta·

219 3791 409 3890 gnantibus
433 3807 629 3868 maceratae
655 3819 695 3866 ac
721 3819 833 3866 coeno
850 3792 998 3868 obrutae
1011 3803 1078 3887 ,ut
1093 3788 1184 3863 infra
1201 3812 1331 3888 aquam

219 3909 400 3986 demersae
425 3925 526 3986 tanto
550 3913 750 4014 promptius
781 3911 1056 4004 contabescant,
1084 3906 1226 3982 scrobes
1261 3905 1329 3982 uli·

219 4055 376 4128 gnosae,
400 4044 437 4104 et
459 4032 611 4105 maxime
636 4056 763 4131 oryzae
788 4045 880 4128 sata,
913 4054 1004 4131 quae
1036 4027 1224 4124 demissis,
1247 4049 1330 4098 cum

219 4150 338 4250 spicae
361 4161 627 4244 maturescunt,
651 4147 824 4248 lymphis,
855 4144 1076 4221 circumfluas
1106 4165 1208 4216 auras
1238 4153 1330 4215 tetro

219 4279 346 4365 putore
371 4291 453 4340 eum
478 4267 516 4338 in
540 4265 687 4340 modum
712 4265 977 4364 contaminant,
1003 4277 1044 4336 ut
1068 4257 1126 4337 vel
1150 4285 1172 4332 a
1203 4256 1329 4362 procul

219 4385 293 4483 jam
317 4409 419 4458 nares
442 4383 674 4482 ingratissime
699 4381 832 4457 feriant
