3264 5194
1257 389 1342 493 rte.

219 510 385 584 maticam
410 511 538 612 llrisse,
562 511 758 586 necessario
783 511 820 584 in
853 509 1079 585 nenilemate
1110 509 1339 612 penitissima.

218 628 335 702 morbi
359 629 459 704 sedes
483 631 606 732 reponi
634 629 766 704 debuit.
790 630 847 702 En
872 629 1048 703 uindicata
1072 627 1246 728 diagrrosis
1283 626 1348 700 de-

217 739 536 852 ophtbalmodynia
567 750 969 844 rberrmaticonervosa,
1002 773 1076 851 quo
1116 749 1258 822 nomine
1293 760 1330 820 ct

218 866 334 940 morbi
360 866 510 942 formam
527 865 716 960 (dolorem
738 868 777 940 in
793 865 898 942 oculo
913 874 943 963 )‚
964 881 1001 940 et
1019 880 1184 939 naturam
1200 871 1213 956 (
1228 865 1333 938 rheu·

219 1012 278 1058 rna
294 992 327 1081 ),
351 1001 388 1060 et
411 987 629 1062 substratum
653 987 861 1089 (sphaeram
886 991 1075 1078 nervearn)
1099 1010 1170 1058 uua
1195 1009 1332 1084 expres-

219 1105 339 1178 simus.
364 1105 446 1178 Pari
470 1109 549 1207 jore
582 1127 723 1207 quoque
760 1103 985 1204 Nevmlgioro
1017 1103 1113 1180 oculi
1142 1097 1331 1177 rheuma-

218 1244 297 1294 com
322 1220 498 1322 appellare
523 1223 706 1324 potuisses.
777 1221 782 1234 '

270 1337 367 1432 Quid
390 1355 510 1416 autern
533 1342 600 1416 sibi
624 1343 704 1420 vult
732 1341 822 1419 illud
847 1342 1056 1446 epitheton,
1087 1339 1333 1416 mammam

220 1457 372 1551 Qualem
396 1458 547 1536 includit
571 1463 810 1564 conceptum?
833 1505 884 1522 -
908 1465 1045 1537 Statum
1061 1460 1333 1564 symphoteseos

219 1577 375 1673 activae,
399 1592 505 1680 atque
529 1579 710 1654 erenum
733 1581 772 1654 in
795 1577 1012 1655 membranis
1036 1554 1333 1673 setoso-fimitis,

219 1721 263 1769 err
286 1695 426 1772 sublato
451 1691 658 1798 aequilibrio
683 1697 837 1774 calorem
854 1713 891 1773 et
914 1697 1178 1772 electricitatem
1202 1699 1334 1770 anima·

219 1809 293 1884 lem
317 1812 410 1886 inter
433 1825 470 1888 et
493 1809 811 1916 atmosphaericam
835 1809 1046 1909 oriundum,
1076 1811 1198 1888 dolore
1222 1813 1332 1886 iusta·

218 1927 303 2026 bili,
326 1930 406 2003 nisu
430 1931 469 2004 in
492 1929 726 2032 hypoclepsin
750 1951 925 2028 aerosum,
949 1945 986 2004 et
1009 1929 1105 2005 laeso
1130 1929 1221 2003 cutis
1252 1955 1332 2002 mu·

221 2071 307 2119 nere
347 2047 549 2146 stipatum,
578 2044 770 2122 marnatis
804 2049 948 2122 nomine
977 2047 1208 2147 insignimus,
1236 2044 1335 2146 quod

221 2162 339 2238 latinis
355 2163 489 2259 stratio
523 2163 707 2240 audit-
732 2163 959 2240 Membranae
994 2183 1133 2239 sermae
1166 2163 1207 2236 in
1239 2175 1334 2235 statu

220 2281 343 2354 salutis
379 2280 583 2357 inferiorem
617 2281 788 2357 duntaxat
821 2281 1045 2384 perfectionis
1079 2278 1335 2380 organicoarn·

220 2396 323 2471 malis
348 2398 497 2497 gradum
520 2398 763 2500 patefaciunt,
787 2400 986 2502 conspicuis
1011 2395 1275 2494 irritabilitatis,
1298 2409 1335 2468 et

218 2515 457 2590 sensibilitatis
482 2517 822 2593 manifestationibus
854 2517 1051 2592 destitutae.
1083 2515 1219 2609 Quodsi
1249 2539 1336 2590 vero

218 2631 402 2728 morbidus
426 2631 572 2707 accedat
595 2632 780 2731 stimulus,
802 2635 963 2734 sanguis,
978 2635 1142 2734 princeps
1164 2631 1224 2706 ille
1241 2634 1334 2708 ritae

220 2749 356 2848 elater,
379 2777 421 2825 ac
445 2753 676 2853 praecipuum
700 2757 954 2854 comucopiae,
978 2751 1142 2854 hyalinos
1166 2751 1264 2826 subit
1279 2769 1336 2827 oa-

218 2868 406 2965 naliculos,
429 2869 683 2944 indifferentiae
708 2871 948 2946 conditionem
972 2871 1164 2970 pervertit,
1188 2871 1334 2945 artorio*

219 3009 298 3056 sam
322 2985 372 3058 eis
397 2983 619 3060 conciliando
644 2986 870 3086 dignitatem,
886 2985 1150 3062 delitescentem
1179 2987 1335 3063 favillam

219 3101 388 3176 biotioom
416 3105 563 3179 extricat
597 3119 634 3179 et
667 3105 791 3200 soret,
823 3106 1080 3206 marrisestaque
1115 3120 1260 3202 motus,
1296 3121 1335 3180 et

219 3247 344 3296 sensus
383 3209 538 3324 organici
572 3223 817 3325 phaenomena
850 3226 1008 3328 proritat
1042 3223 1266 3300 Irritobilitus
1298 3239 1336 3300 ct

218 3337 427 3416 sennbilr'tos
451 3342 594 3432 biens,
618 3343 648 3416 si
673 3341 789 3416 dicere
815 3343 867 3418 fas
892 3357 946 3418 est
961 3399 971 3441 ,
983 3343 1040 3440 fit
1062 3339 1200 3436 libem,
1224 3343 1333 3420 ruodo

218 3484 295 3534 non
319 3461 458 3561 penitus
483 3458 660 3557 absimili,
685 3486 726 3534 ac
762 3458 901 3537 duobus
937 3460 1143 3562 corporibus
1179 3462 1334 3537 invicem

219 3579 447 3676 confricatis,
473 3579 530 3656 vel
553 3579 621 3656 alia
644 3584 780 3656 ratione
804 3583 843 3654 in
867 3583 938 3656 suis
963 3583 1144 3684 principiis
1176 3580 1332 3656 elemen-

216 3699 352 3776 taribus
376 3701 549 3801 perrersis
574 3699 692 3797 calor,
716 3715 753 3776 et
777 3700 983 3776 electricitas
1008 3702 1170 3775 extricari
1187 3727 1334 3776 consue·

217 3818 294 3890 scit
318 3817 390 3892 Pro
414 3817 757 3893 circumstantiarum
781 3819 983 3894 diversitate
1008 3818 1178 3917 efficitur,
1193 3833 1234 3893 ut
1250 3845 1334 3896 mox

216 3935 431 4010 irritabilitas
455 3961 621 4012 vasorum
645 3963 870 4036 serosorum,
894 3939 933 4012 in
961 3937 1157 4038 sanguiseru
1182 3963 1333 4013 convor-

216 4077 339 4126 sorum
375 4060 624 4147 (momentum
661 4053 913 4130 thermoticum
928 4062 968 4152 ),
1003 4081 1088 4130 mox
1121 4055 1333 4130 sensibilitas

216 4169 407 4268 organica,
437 4171 511 4244 sive
546 4171 802 4246 coenaestbesis
827 4178 1077 4265 (momentum
1101 4170 1333 4266 electricum)

216 4286 485 4360 eminentiorem
497 4286 620 4362 offerat
632 4287 816 4364 morbosae
832 4289 1046 4364 incitationis
1062 4289 1226 4390 gradum,
1236 4290 1332 4364 unde

104 4441 106 4446 ·
202 4393 368 4482 ‘rheuma
392 4403 510 4505 ipsum
534 4429 618 4479 mox
642 4402 689 4478 ad
713 4404 1045 4503 irfiommotorrirm,
1069 4432 1152 4480 mor
1176 4405 1223 4482 ad
1251 4433 1331 4481 ηεν-

219 4541 338 4595 rosam
363 4519 510 4600 inclinat
533 4520 699 4604 indolem.
723 4523 845 4605 Primo
869 4525 908 4602 in
932 4519 1015 4602 casu
1040 4523 1142 4626 dolor
1172 4540 1226 4603 est
1258 4551 1332 4602 maa
