3264 5194
323 309 392 382 152
1110 356 1113 362 -
1187 337 1200 344 ·

315 407 443 500 Primis
473 419 597 500 dlebrrs
630 421 788 498 minutae
821 417 998 496 stillarunt
1027 415 1190 522 pluviae,
1216 415 1427 495 ,subsolanis

313 543 537 645 spiramentis
561 540 756 637 advectae,
778 539 926 641 posthac
954 537 1094 612 coelum
1127 536 1335 638 plerumque
1358 564 1427 611 nu-

312 661 454 756 bilum,
477 675 515 736 et
543 659 681 734 nebulis
711 659 924 734 densissimis
957 657 1066 732 triste.
1101 657 1185 732 Dies
1220 684 1277 731 aa.
1301 673 1339 731 et
1364 659 1425 732 23.

312 784 486 886 primitias
510 783 650 884 hyemis
680 779 863 876 tulerunt,
892 793 1015 854 tennes
1043 792 1169 879 utpote
1197 779 1324 874 nives,
1357 779 1427 852 sed

312 927 404 1003 qnae
418 903 477 976 rix
493 915 595 974 natae
612 898 808 974 defloruere
831 901 959 974 coortis
984 900 1149 974 austrinis
1174 897 1325 972 flatibus.
1346 901 1423 974 Ex·

312 1035 428 1098 tremo
451 1023 580 1095 mensis
607 1035 764 1122 tempore
788 1019 940 1120 rigidum
963 1017 1052 1120 gelu.
1077 1019 1253 1120 llespcctu
1286 1034 1426 1093 meteo-

312 1143 387 1216 rico
410 1138 646 1214 memorabilis
671 1139 818 1214 omnino
842 1151 917 1211 erat
941 1151 1147 1238 tempestas,
1166 1137 1428 1211 concurrebant

311 1257 408 1332 enim
432 1257 626 1330 maximum
649 1257 756 1330 totius
782 1255 866 1328 anni
890 1235 1021 1354 lngus,
1041 1256 1208 1329 minimus
1224 1254 1426 1356 baroscopii

214 1471 215 1474 Ἴ
312 1385 451 1471 statos,
474 1387 581 1477 atque
605 1397 683 1450 rara
707 1371 925 1474 hygromctri
950 1371 1100 1449 altitudo
1124 1386 1161 1448 et
1189 1374 1399 1448 constantia.

707 1635 814 1688 ΙΟΜΙ
838 1633 1027 1688 ῑΡΙΜΠΙΰΙ.

361 1849 629 1926 Increbescente
653 1849 769 1951 algore
793 1849 957 1953 hyberno
982 1847 1132 1924 invaluit
1161 1875 1303 1951 quoque
1327 1875 1425 1924 mor-

312 1963 437 2040 borum
460 1968 809 2062 irfiarnmatoriomm
834 1965 972 2042 abenas
987 1982 1024 2040 et
1038 1963 1258 2042 vehementia.
1282 1967 1426 2066 Organa

313 2088 561 2185 pneumatica,
584 2088 637 2160 nti
662 2101 864 2161 constanter
887 2089 963 2160 fieri
986 2086 1092 2184 solet,
1106 2085 1260 2162 morbidi
1283 2088 1426 2188 imperii

311 2203 493 2276 saevitiem
516 2229 601 2304 prae
626 2203 701 2276 aliis
726 2217 810 2278 sunt
834 2218 986 2304 experta.
1011 2204 1099 2278 lude
1119 2208 1427 2306 peripneumonic-

311 2344 391 2392 rum
415 2345 603 2395 numerosa
628 2320 781 2418 cohors,
805 2335 842 2396 et
866 2321 1050 2421 complura
1075 2347 1118 2395 ex
1141 2321 1211 2397 hoc
1236 2321 1334 2396 fonte
1367 2319 1424 2394 ln-

311 2465 406 2513 nera.
430 2439 630 2515 Nonnullae
655 2446 727 2543 jam
760 2441 805 2516 ab
840 2442 939 2516 omni
973 2442 1076 2516 initio
1112 2467 1191 2514 eam
1225 2439 1424 2516 offerebant
1573 2471 1575 2480 ·
1620 2423 1621 2430 ἵ

311 2555 483 2654 sormam,
498 2583 606 2658 qnam
621 2559 767 2658 practici
778 2557 1080 2658 pneumonitidem
1094 2582 1207 2632 verum
1222 2584 1286 2632 seu
1300 2556 1424 2660 phleg-

306 2691 495 2752 'monosam
519 2677 699 2780 appellant
713 2707 725 2775 3
739 2675 826 2752 aliae
843 2671 1041 2753 in'exordio
1057 2676 1297 2753 carorlmn
1312 2677 1424 2751 mani-

312 2795 488 2872 festabant
512 2797 688 2892 sitdolem,
721 2822 743 2871 e
776 2823 976 2898 praegressa
1009 2795 1297 2897 refrigeratione,
1331 2781 1421 2870 cutis

310 2917 490 3013 siccitate,
514 2941 662 3018 coryza,
685 2931 723 2988 et
746 2915 858 3016 sputis
874 2916 1026 2990 mucosis
1043 2913 1303 2988 abundantibus
1320 2913 1422 2988 facilc

311 3033 546 3133 arguendam,
570 3059 661 3134 quac
685 3047 805 3108 tamen
829 3032 1014 3108 confestim
1038 3032 1085 3106 ad
1108 3031 1336 3132 phlegmoncs
1360 3057 1424 3136 po-

311 3153 460 3225 tentiam
482 3149 739 3245 elevabantur,
762 3151 801 3224 in
825 3151 973 3251 gratiam
1003 3151 1263 3224 constitutionis
1287 3148 1423 3222 inflam-

310 3267 503 3363 matoriae,
527 3281 568 3340 ut
601 3267 686 3341 alibi
720 3268 950 3364 monuimus,
986 3265 1033 3341 ad
1065 3267 1241 3366 insignem
1274 3265 1423 3365 gradum

311 3397 462 3458 evectae.
488 3385 603 3458 Mares
628 3385 927 3485 peripneumoniis
950 3382 1069 3486 plures
1094 3384 1362 3481 detinebantur,
1386 3397 1423 3458 et

310 3526 396 3601 prae
420 3501 559 3576 feminis
584 3501 830 3576 eluctabantur
852 3501 1070 3578 laboriosius.
1093 3499 1366 3597 Phlebotomiis,
1386 3514 1422 3573 et

311 3618 456 3719 quidem
480 3622 654 3720 generosis
679 3634 784 3723 atque
809 3619 964 3720 repetitis
989 3619 1139 3720 egebant
1162 3645 1311 3716 omnes,
1332 3615 1421 3692 nulli

312 3746 431 3810 nmen
455 3763 558 3836 aegro
582 3735 663 3838 plns
689 3763 795 3840 quam
820 3739 929 3812 octies
950 3739 1183 3812 sauciavimus
1199 3762 1337 3814 venam.
1353 3736 1421 3810 lle·

310 3851 446 3954 liquam
470 3855 648 3952 regiminis
672 3853 943 3956 antiphlogistici
966 3856 1131 3957 paginam
1155 3880 1239 3930 mox
1262 3853 1339 3929 sola
1364 3851 1422 3930 de·

310 3987 413 4049 cocta
437 3972 655 4050 emollientia
678 3974 838 4050 radicum
863 3973 989 4075 Salcp,
1012 3973 1203 4072 Althaeae,
1228 3996 1311 4047 cum
1334 3971 1422 4048 roob

310 4092 477 4168 sambuci
501 4105 538 4167 et
561 4093 633 4167 sale
658 4093 814 4195 quodam
837 4094 991 4191 mitiori,
1015 4092 1227 4168 emulsiones
1253 4091 1421 4195 amygda-

309 4210 425 4288 larum
449 4227 600 4308 tenncs,
622 4212 681 4287 rel
705 4211 913 4288 sorbitiones
938 4239 958 4286 e
987 4213 1135 4288 decocto
1169 4213 1304 4288 Hordei
1338 4237 1422 4287 cum

309 4327 497 4428 Oxymelle
522 4343 559 4404 et
582 4327 686 4404 Nitro
710 4329 967 4428 absolvebant,
990 4355 1074 4406 mox
1099 4344 1245 4426 autem,
1275 4331 1338 4432 qui
1362 4353 1421 4403 ca-

309 4471 368 4518 sus
392 4443 499 4548 longe
523 4445 739 4552 frequentior
763 4462 858 4548 erat,
883 4447 929 4552 ad
953 4447 1201 4552 revellentem,
1224 4447 1299 4522 sive
1324 4460 1421 4526 anta·
