3252 5166
360 351 434 426 206

356 469 539 544 frictiones
563 468 789 543 mercuriales
823 469 959 544 institui
995 471 1216 567 curavimus,
1250 495 1290 544 ea
1324 469 1470 570 quidem

356 585 572 661 indicatione
597 587 717 685 ducti,
740 601 783 662 ut
805 585 996 688 plastieum
1021 587 1273 663 resolveremus
1307 587 1469 682 laticem,

355 731 467 806 quem
502 731 522 778 a
558 731 762 808 praegresso
799 731 965 806 processu
1006 704 1276 780 inflammatoris
1304 704 1468 780 morbose

354 839 557 920 secretum,
581 839 689 926 etque
723 825 865 904 chordis
900 825 1081 902 vocalibus
1116 825 1382 920 adhaerentem,
1407 823 1466 898 vei

356 941 603 1016 inhaerentem
631 943 909 1043 supposuimus,
943 941 1091 1042 analogo
1120 943 1267 1041 anginae
1295 941 1465 1016 membra-

357 1083 488 1134 naeese
513 1085 596 1132 essu
620 1061 758 1132 moniti.
784 1059 860 1132 Iam
885 1073 968 1160 post
991 1085 1123 1160 paucos
1147 1059 1224 1134 dies
1238 1058 1282 1132 ab
1302 1059 1464 1132 inchoata

357 1203 443 1250 cura
468 1175 669 1250 mercuriali
694 1201 796 1275 aegra
820 1175 1157 1276 interloquendum
1180 1169 1342 1252 voculdm
1356 1197 1464 1275 quam

353 1295 461 1391 dani,
484 1293 595 1369 veluti
619 1295 785 1396 pipienu's
815 1294 906 1396 pulli
942 1295 1124 1394 gallinacei
1157 1296 1347 1396 protrusit,
1379 1291 1463 1370 imi·

354 1415 451 1490 obiri
476 1413 619 1514 periisse
644 1413 781 1514 gaudio.
807 1413 1108 1515 Subsequentibu's
1134 1413 1273 1509 diebus,
1292 1418 1463 1514 majorem

355 1533 590 1612 constentiam
621 1531 749 1633 adepta
783 1557 892 1629 ruse,
925 1532 1009 1606 licet
1043 1531 1161 1606 adhuc
1196 1529 1325 1628 debili,
1358 1545 1464 1630 atque

353 1650 550 1748 submissa,
574 1651 796 1754 Hydrargyri
819 1651 921 1725 dosin
937 1651 1119 1746 auximus,
1143 1651 1192 1723 ita
1216 1664 1258 1723 ut
1274 1649 1339 1724 tn‘a
1356 1673 1462 1748 gram

356 1765 603 1841 Calomelanos
626 1768 719 1840 intra
744 1767 1016 1868 nyctbemerum
1041 1779 1263 1844 consumeret
1292 1791 1377 1840 eum
1400 1763 1465 1838 dor

357 1881 417 1982 pla
442 1883 592 1956 Sulsuris
615 1885 729 1960 aerari
754 1884 939 1962 antimonii
954 1885 1164 1984 quantitate.
1178 1882 1463 1960 subintrantibus

356 1999 480 2102 primis
492 2001 673 2102 ptyalismi
689 2001 848 2098 indiciis,
863 2002 1061 2076 destitimus
1080 2002 1126 2076 sb
1145 2003 1242 2078 omni
1259 2001 1464 2102 pharmaco,

354 2118 454 2218 quod
472 2122 687 2194 Mercurium
703 2121 892 2220 redoleret,
917 2149 1000 2196 cum
1023 2123 1281 2224 mucilaginosis
1297 2135 1333 2196 et
1351 2119 1462 2200 omui

360 2235 527 2310 bentibus
563 2240 826 2338 continuando,
853 2241 982 2340 quibus
1007 2241 1123 2316 adhue
1146 2239 1360 2344 pulvisculus
1395 2266 1461 2340 ps-

353 2359 527 2456 regon'cos
552 2371 634 2432 anre
659 2359 820 2434 subitum
843 2361 1034 2438 sumendos
1059 2362 1262 2439 addidimus.
1279 2359 1350 2432 Sub
1368 2367 1464 2458 ejus-

354 2477 453 2554 modi
493 2459 660 2560 medendi
695 2480 857 2576 ratione,
891 2507 955 2581 per
988 2481 1079 2556 duos
1112 2504 1244 2556 menses
1282 2477 1458 2578 patienter

352 2597 533 2694 adhibite,
553 2597 721 2708 pristinus
745 2597 851 2672 rediit
874 2603 983 2675 vocis·
997 2599 1146 2701 clangor.

401 2713 650 2788 Conditionem
675 2715 936 2816 pathologicam
961 2717 1110 2791 eundem
1126 2715 1308 2822 ineodem
1324 2739 1458 2813 organo

350 2830 417 2904 sub
444 2831 686 2905 diversissimis
712 2858 753 2905 ac
778 2859 882 2934 saepe
911 2859 931 2906 e
962 2833 1134 2908 diametro
1163 2833 1331 2934 oppositis
1359 2857 1456 2904 mor-

350 2949 479 3022 borum
504 2949 625 3022 formis
651 2975 834 3026 occurrere
858 2950 1128 3053 phaenomenon
1154 2965 1207 3024 est
1231 2951 1318 3024 adeo
1342 2947 1454 3050 quoti-

351 3068 519 3163 dianum,
543 3068 701 3169 adeoque
727 3085 854 3145 notum
878 3074 1000 3174 peritis
1031 3087 1068 3146 et
1100 3073 1277 3174 profanis,
1310 3085 1350 3143 ut
1377 3067 1455 3142 nul·

348 3183 424 3255 ium
449 3185 568 3282 magis.
592 3185 908 3260 Evidentissimum
941 3191 1035 3262 inter
1069 3203 1123 3263 uot
1156 3188 1224 3262 alia
1258 3185 1456 3287 exemplum

348 3299 494 3399 praebet
518 3315 628 3374 status
658 3302 923 3404 sympbomseor
956 3311 1087 3380 aescae
1096 3359 1111 3398 ,
1145 3307 1221 3382 sire
1256 3305 1455 3378 untauonis

346 3417 708 3512 subirstoenmaton'ae.
733 3424 952 3526 Epilcpsias,
977 3425 1197 3527 apoplexiae,
1221 3423 1364 3518 deliria,
1389 3445 1451 3521 pa-

348 3533 501 3635 rslyses,
526 3563 724 3614 amauroses
735 3595 746 3640 ,
771 3541 1023 3642 cepbelsigiss,
1047 3543 1212 3639 choreas,
1240 3541 1376 3644 absque
1399 3539 1453 3612 in-

347 3679 493 3736 numeru
518 3655 611 3731 male
635 3684 785 3734 nervosa
809 3661 971 3744 videmus
995 3663 1033 3736 in
1056 3665 1176 3764 praxi,
1200 3687 1352 3763 quorum
1371 3685 1452 3760 pro·

348 3774 480 3847 minam
506 3799 649 3848 causam
672 3777 887 3879 indagaturis
911 3805 1015 3880 saepe
1040 3777 1137 3854 nulla
1168 3779 1235 3854 alis
1268 3777 1455 3852 innotescit

347 3905 487 3992 prester
511 3893 771 3993 congestionem
796 3895 1074 3996 encephalicam,
1098 3923 1118 3969 e
1141 3897 1253 3980 causis
1276 3919 1453 3996 praegres-

349 4011 397 4084 sis
428 4025 465 4083 et
498 4011 794 4114 symptometibus
831 4012 927 4088 haud
961 4013 1149 4088 difficulter
1183 4011 1383 4086 eruendam.
1413 4007 1456 4082 Id

348 4131 533 4204 confirmat
556 4131 633 4231 ipsa
658 4129 843 4233 therapia3
867 4147 921 4206 tot
944 4133 1039 4206 errim
1073 4129 1275 4234 epilepsias,
1311 4124 1454 4232 apople-

347 4249 442 4344 xies,
465 4249 604 4350 deliria,
628 4265 695 4325 etc.
719 4251 1063 4348 venaesectionibus,
1088 4249 1317 4352 sanguisugis,
1345 4272 1454 4322 reme·

348 4367 415 4440 diis
441 4369 639 4444 cadrariieis
664 4386 701 4445 et
725 4369 927 4446 sedentibus
952 4397 995 4446 cx
1031 4369 1202 4444 sententia
1239 4363 1455 4457 auscultare,

347 4486 525 4562 neminem
561 4488 778 4567 medicorum
813 4488 908 4565 iuuet.
944 4490 1017 4564 Cur
1052 4500 1171 4564 autem
1215 4481 1453 4590 sympborssis
