3252 5166
340 343 410 398 2l2

332 465 468 516 evena
494 444 669 540 eductus,
692 469 819 544 parum
854 441 1048 544 plastices,
1079 457 1117 518 et
1152 457 1293 518 totamm
1328 443 1459 518 solum

332 585 497 660 separans
513 574 669 634 crustam
684 559 920 661 pleuritieam‚
944 559 1059 636 multu
1083 558 1241 636 scatebat
1263 583 1352 635 sero.
1370 561 1457 634 lla·

332 666 427 750 bitus
451 701 663 777 aegrorum,
687 679 752 750 etsi
777 679 979 778 gravissima
996 677 1250 753 decumberent
1267 677 1461 780 pblogosi,

304 793 464 896 *pallido
487 795 649 897 squalore
679 796 838 871 loedatus
875 796 1065 898 adparuit,
1098 797 1263 898 dequens
1297 797 1454 873 cedema

331 909 585 1010 brachiomm,
609 911 666 988 vel
690 940 843 988 crurum
868 913 984 988 Immo
1015 914 1124 992 etiam
1155 915 1193 987 in
1227 916 1338 1014 aegris
1373 913 1453 992 alio

279 1114 284 1128 ¹
332 1031 448 1108 morbi
472 1057 597 1132 genere
622 1032 796 1108 delbnctis
821 1029 1007 1108 ellltsiones
1031 1059 1166 1110 scrosas
1182 1035 1220 1108 in
1236 1035 1342 1110 variis
1368 1061 1453 1122 cor-

331 1151 427 1251 poris
451 1151 560 1224 annis
584 1149 847 1252 deprehendam
876 1149 1003 1246 licuit,
1034 1175 1152 1252 quae,
1185 1151 1261 1228 sive
1292 1149 1450 1226 durante

211 1279 215 1289 '
326 1289 499 1368 processu
523 1266 715 1363 morboso,
738 1267 812 1340 sive
838 1264 970 1340 ultimis
994 1267 1088 1342 vitae
1118 1268 1307 1352 momentis
1342 1281 1447 1344 ortae

332 1400 643 1488 supponerentur,
671 1386 855 1461 indubiam
889 1385 995 1460 fldem
1030 1385 1188 1461 lbeerunt
1221 1383 1313 1462 labis
1347 1365 1450 1464 haud

330 1502 560 1579 indifferentis
584 1506 623 1578 in
647 1517 837 1606 systemate
861 1527 1028 1578 vasorum
1044 1501 1285 1578 exhalantium
1301 1503 1339 1580 et
1353 1505 1450 1613 lym·

330 1621 574 1723 phaticorum,
597 1619 693 1702 unde
718 1621 895 1698 abnormis
911 1621 1172 1724 hydrogenesis.
1190 1623 1305 1725 Hujus
1322 1641 1446 1702 autem

331 1737 410 1814 lons
433 1739 625 1842 palmarius
648 1742 778 1844 partim
802 1741 841 1812 in
864 1737 1005 1812 climate
1032 1738 1129 1835 udo,
1153 1740 1284 1840 partim
1308 1741 1348 1814 in
1372 1741 1443 1816 bu·

330 1843 489 1933 miditate
513 1855 779 1962 atmosphaerae
804 1855 936 1932 crebris
960 1857 1090 1960 pluviis
1124 1857 1297 1954 inducta,
1331 1885 1443 1960 quae·

329 1976 460 2054 rendus
484 1977 679 2054 videbatur.
704 1980 760 2052 An
785 1979 856 2053 fors
891 1977 1030 2052 occulta
1065 1976 1232 2052 diathesis
1267 1977 1446 2082 dialeipy·

330 2081 429 2194 tica,
462 2098 555 2172 veris
600 2113 765 2173 conatam
800 2095 938 2173 soboles
963 2153 973 2193 ,
1012 2099 1051 2172 in
1102 2093 1270 2171 medullis
1305 2097 1446 2196 haesit,

279 2227 287 2257 ²
330 2214 419 2290 alius
436 2213 579 2315 'generis
605 2215 705 2290 malis
730 2211 843 2292 veluti
868 2216 1047 2312 ootrcita,
1071 2241 1112 2289 au
1144 2213 1267 2294 doloso
1301 2230 1445 2318 reptatu

330 2358 535 2438 processum
558 2333 651 2408 vitae
676 2331 843 2436 plasticae
869 2347 1026 2411 evertere
1052 2333 1229 2410 moliens?

381 2452 454 2528 Sub
478 2451 541 2526 tall
564 2477 685 2528 rorum
709 2465 802 2526 statu
819 2453 894 2554 ipsa
912 2452 1070 2553 therapio
1088 2451 1237 2526 lbbrium
1254 2463 1289 2524 et
1304 2449 1444 2526 ballam·

331 2571 527 2647 matonam
550 2571 744 2646 necessario
769 2569 1045 2646 modificationes
1062 2569 1180 2645 subire
1196 2569 1325 2645 debuit.
1343 2570 1441 2646 Cum

331 2687 655 2765 comessationibus
693 2698 795 2763 caute
829 2687 1061 2763 mercandum
1099 2702 1202 2788 erat,
1237 2685 1440 2788 ubicunque

330 2807 427 2882 emm
451 2811 544 2909 justo
568 2810 682 2908 major
705 2803 921 2881 educebatur
945 2807 1078 2880 cruoris
1096 2805 1218 2906 copia,
1234 2804 1441 2906 propediem

331 2919 548 3026 hydropicae
572 2921 769 2998 diadioseos
794 2947 1037 3024 praecursores
1061 2915 1273 3023 inepobant.
1300 2921 1379 3014 Qua
1395 2919 1441 2994 de

331 3025 371 3118 re
394 3039 491 3117 latici
515 3042 613 3118 vitali
637 3045 886 3144 pepercimus,
915 3043 1178 3144 quamprimum
1212 3040 1447 3116 exorbitantia

332 3159 462 3236 virium
497 3156 543 3264 ad
573 3159 800 3236 moderamen
837 3157 904 3235 lhit
937 3158 1135 3262 perducta,
1171 3183 1245 3234 non
1280 3173 1445 3233 carolites

333 3277 553 3380 dyspnoeam
576 3291 613 3351 et
637 3278 871 3374 anxietatem,
895 3303 1012 3378 quae,
1036 3303 1119 3350 cum
1144 3302 1164 3348 a
1193 3271 1445 3376 phlebotomiis

334 3393 473 3469 nullum
496 3393 735 3470 levamentum
759 3397 928 3498 cepisset,
952 3398 1062 3471 immo
1086 3394 1343 3470 detrimentum
1360 3394 1444 3469 inde

333 3537 435 3614 passa
458 3527 576 3610 esset,
599 3514 716 3616 potius
740 3515 939 3590 imminenti
963 3512 1128 3592 colluvici
1152 3537 1289 3586 serosae
1310 3511 1348 3582 in
1364 3537 1446 3612 pec-

335 3629 419 3706 toris
443 3653 532 3706 cavo
556 3643 632 3704 erat
656 3629 850 3705 tribuenda
875 3631 1041 3705 Protinus
1065 3629 1277 3704 recurrimus
1302 3628 1349 3703 ad
1372 3629 1443 3700 Di-

333 3746 475 3850 gitalem
498 3771 734 3848 purpuream,
758 3761 795 3820 et
819 3747 1017 3822 ve'sioantia.
1046 3745 1170 3846 Plagas
1205 3771 1225 3819 a
1255 3745 1443 3819 Catullian-

334 3865 421 3940 dum
444 3863 588 3941 sdmulo
612 3875 820 3966 provocatas
844 3891 912 3965 ope
941 3865 1096 3966 pulveris
1131 3863 1279 3938 Sabinae
1312 3863 1443 3936 irritari

333 4011 398 4087 per
423 3985 517 4058 vices
542 3984 770 4079 curavimus,
794 3984 1008 4088 epidarmide
1034 3987 1131 4087 prius
1156 3985 1338 4078 detracta,
1364 3981 1446 4056 lau·

334 4120 477 4206 tamque
515 4131 669 4206 cousque
707 4105 937 4178 sustinuimus
974 4105 1291 4206 suppurationem,
1330 4101 1449 4176 donee

335 4223 573 4324 respirationis
606 4221 756 4296 ‘mendae
790 4223 1047 4322 disparuerunt.
1090 4221 1289 4296 Vesioantia
1325 4235 1450 4297 sterno

336 4343 553 4442 superposita
579 4355 865 4415 momentaneum
895 4367 997 4443 saepe
1032 4339 1185 4414 lenimen
1222 4337 1448 4413 adtulere.A

337 4457 602 4535 llercnrial'tbus
629 4471 666 4536 ct
682 4459 782 4538 Nitro¹
809 4459 1061 4558 morealmes,
1077 4459 1384 4564 pertimescendos,
1402 4483 1448 4532 tie
