<?xml version="1.0" encoding="UTF-8"?>
<!DOCTYPE html PUBLIC "-//W3C//DTD XHTML 1.0 Transitional//EN"
    "http://www.w3.org/TR/xhtml1/DTD/xhtml1-transitional.dtd">
<html xmlns="http://www.w3.org/1999/xhtml" xml:lang="en" lang="en">
 <head>
  <title>
</title>
<meta http-equiv="Content-Type" content="text/html;charset=utf-8" />
  <meta name='ocr-system' content='tesseract 3.04.00' />
  <meta name='ocr-capabilities' content='ocr_page ocr_carea ocr_par ocr_line ocrx_word'/>
</head>
<body>
  <div class='ocr_page' id='page_1' title='image "./annalesscholaec00hildgoog_0120.png"; bbox 0 0 3264 5194; ppageno 0'>
   <div class='ocr_carea' id='block_1_1' title="bbox 234 355 1504 4468">
    <p class='ocr_par' dir='ltr' id='par_1_1' title="bbox 234 355 1504 4465">
     <span class='ocr_line' id='line_1_1' title="bbox 325 355 377 450; baseline 0 -27"><span class='ocrx_word' id='word_1_1' title='bbox 325 355 377 450; x_wconf 85' lang='lat'>98</span> 
     </span>
     <span class='ocr_line' id='line_1_2' title="bbox 323 458 1435 570; baseline -0.008 -26"><span class='ocrx_word' id='word_1_2' title='bbox 323 471 415 544; x_wconf 87' lang='lat' dir='ltr'>tuitu</span> <span class='ocrx_word' id='word_1_3' title='bbox 436 458 511 544; x_wconf 81' lang='lat' dir='ltr'>¹tres</span> <span class='ocrx_word' id='word_1_4' title='bbox 536 458 669 570; x_wconf 83' lang='lat' dir='ltr'>species</span> <span class='ocrx_word' id='word_1_5' title='bbox 694 481 846 541; x_wconf 88' lang='lat' dir='ltr'>statuere</span> <span class='ocrx_word' id='word_1_6' title='bbox 871 465 963 539; x_wconf 91' lang='lat' dir='ltr'>licet.</span> <span class='ocrx_word' id='word_1_7' title='bbox 999 465 1082 538; x_wconf 87' lang='lat' dir='ltr'>Mox</span> <span class='ocrx_word' id='word_1_8' title='bbox 1110 459 1267 565; x_wconf 87' lang='lat' dir='ltr'>pendent</span> <span class='ocrx_word' id='word_1_9' title='bbox 1301 461 1346 536; x_wconf 87' lang='lat' dir='ltr'>ab</span> <span class='ocrx_word' id='word_1_10' title='bbox 1378 464 1435 536; x_wconf 91' lang='lat' dir='ltr'>in·</span> 
     </span>
     <span class='ocr_line' id='line_1_3' title="bbox 321 581 1434 689; baseline -0.005 -29"><span class='ocrx_word' id='word_1_11' title='bbox 321 587 433 660; x_wconf 84' lang='lat' dir='ltr'>farctu</span> <span class='ocrx_word' id='word_1_12' title='bbox 458 588 634 689; x_wconf 80' lang='lat' dir='ltr'>pervicaci</span> <span class='ocrx_word' id='word_1_13' title='bbox 659 586 834 660; x_wconf 86' lang='lat' dir='ltr'>viscerum</span> <span class='ocrx_word' id='word_1_14' title='bbox 859 581 1158 678; x_wconf 88' lang='lat' dir='ltr'>abdominalium,</span> <span class='ocrx_word' id='word_1_15' title='bbox 1197 581 1336 680; x_wconf 89' lang='lat' dir='ltr'>hepatis</span> <span class='ocrx_word' id='word_1_16' title='bbox 1371 594 1434 654; x_wconf 86' lang='lat' dir='ltr'>aut</span> 
     </span>
     <span class='ocr_line' id='line_1_4' title="bbox 319 698 1436 794; baseline -0.004 -18"><span class='ocrx_word' id='word_1_17' title='bbox 319 703 432 778; x_wconf 88' lang='lat' dir='ltr'>lienis.</span> <span class='ocrx_word' id='word_1_18' title='bbox 456 747 507 761; x_wconf 89' lang='lat'>·-</span> <span class='ocrx_word' id='word_1_19' title='bbox 532 705 615 776; x_wconf 87' lang='lat' dir='ltr'>Mox</span> <span class='ocrx_word' id='word_1_20' title='bbox 651 701 807 775; x_wconf 76' lang='lat' dir='ltr'><strong>febribus</strong></span> <span class='ocrx_word' id='word_1_21' title='bbox 842 701 1060 774; x_wconf 89' lang='lat' dir='ltr'>inducuntur</span> <span class='ocrx_word' id='word_1_22' title='bbox 1094 698 1436 794; x_wconf 82' lang='lat' dir='ltr'>intermittentibus,</span> 
     </span>
     <span class='ocr_line' id='line_1_5' title="bbox 319 813 1434 918; baseline -0.006 -23"><span class='ocrx_word' id='word_1_23' title='bbox 319 821 525 917; x_wconf 70' lang='lat' dir='ltr'>diuturnis„</span> <span class='ocrx_word' id='word_1_24' title='bbox 540 813 746 916; x_wconf 87' lang='lat' dir='ltr'>obstinatis,</span> <span class='ocrx_word' id='word_1_25' title='bbox 771 818 958 918; x_wconf 75' lang='lat' dir='ltr'>neglectis,</span> <span class='ocrx_word' id='word_1_26' title='bbox 983 817 1135 890; x_wconf 75' lang='lat' dir='ltr'>marium</span> <span class='ocrx_word' id='word_1_27' title='bbox 1166 817 1346 917; x_wconf 72' lang='lat' dir='ltr'>quartams</span> <span class='ocrx_word' id='word_1_28' title='bbox 1368 842 1434 888; x_wconf 90' lang='lat' dir='ltr'>au·</span> 
     </span>
     <span class='ocr_line' id='line_1_6' title="bbox 317 929 1428 1039; baseline -0.008 -26"><span class='ocrx_word' id='word_1_29' title='bbox 317 938 553 1034; x_wconf 86' lang='lat' dir='ltr'>tumualibus,</span> <span class='ocrx_word' id='word_1_30' title='bbox 569 939 656 1039; x_wconf 89' lang='lat' dir='ltr'>quin</span> <span class='ocrx_word' id='word_1_31' title='bbox 673 935 857 1012; x_wconf 81' lang='lat' dir='ltr'>manifesta</span> <span class='ocrx_word' id='word_1_32' title='bbox 873 936 911 1007; x_wconf 91' lang='lat' dir='ltr'>iu</span> <span class='ocrx_word' id='word_1_33' title='bbox 927 933 1120 1008; x_wconf 84' lang='lat' dir='ltr'>visceribus</span> <span class='ocrx_word' id='word_1_34' title='bbox 1137 930 1306 1032; x_wconf 87' lang='lat' dir='ltr'>adpareat</span> <span class='ocrx_word' id='word_1_35' title='bbox 1321 929 1428 1006; x_wconf 88' lang='lat' dir='ltr'>labes.</span> 
     </span>
     <span class='ocr_line' id='line_1_7' title="bbox 317 1047 1432 1156; baseline -0.008 -27"><span class='ocrx_word' id='word_1_36' title='bbox 317 1055 500 1156; x_wconf 83' lang='lat' dir='ltr'>Repetitae</span> <span class='ocrx_word' id='word_1_37' title='bbox 524 1053 786 1128; x_wconf 81' lang='lat' dir='ltr'>observationes</span> <span class='ocrx_word' id='word_1_38' title='bbox 810 1078 876 1126; x_wconf 89' lang='lat' dir='ltr'>nos</span> <span class='ocrx_word' id='word_1_39' title='bbox 902 1050 1144 1148; x_wconf 88' lang='lat' dir='ltr'>edocuerunt,</span> <span class='ocrx_word' id='word_1_40' title='bbox 1169 1047 1247 1126; x_wconf 88' lang='lat' dir='ltr'>illas</span> <span class='ocrx_word' id='word_1_41' title='bbox 1263 1075 1327 1150; x_wconf 85' lang='lat' dir='ltr'>per</span> <span class='ocrx_word' id='word_1_42' title='bbox 1344 1049 1432 1122; x_wconf 90' lang='lat' dir='ltr'>emi·</span> 
     </span>
     <span class='ocr_line' id='line_1_8' title="bbox 317 1168 1434 1269; baseline -0.006 -21"><span class='ocrx_word' id='word_1_43' title='bbox 317 1175 475 1248; x_wconf 81' lang='lat' dir='ltr'>nentium</span> <span class='ocrx_word' id='word_1_44' title='bbox 499 1173 771 1248; x_wconf 69' lang='lat' dir='ltr'>intermittentes</span> <span class='ocrx_word' id='word_1_45' title='bbox 796 1173 834 1244; x_wconf 90' lang='lat' dir='ltr'>iu</span> <span class='ocrx_word' id='word_1_46' title='bbox 851 1197 1005 1244; x_wconf 87' lang='lat' dir='ltr'>serosam</span> <span class='ocrx_word' id='word_1_47' title='bbox 1025 1168 1214 1243; x_wconf 88' lang='lat' dir='ltr'>colluviem</span> <span class='ocrx_word' id='word_1_48' title='bbox 1239 1169 1324 1266; x_wconf 91' lang='lat' dir='ltr'>niti,</span> <span class='ocrx_word' id='word_1_49' title='bbox 1349 1193 1434 1269; x_wconf 83' lang='lat' dir='ltr'>qua·</span> 
     </span>
     <span class='ocr_line' id='line_1_9' title="bbox 318 1287 1433 1392; baseline -0.004 -27"><span class='ocrx_word' id='word_1_50' title='bbox 318 1317 399 1365; x_wconf 89' lang='lat' dir='ltr'>rum</span> <span class='ocrx_word' id='word_1_51' title='bbox 415 1292 617 1392; x_wconf 83' lang='lat' dir='ltr'>paroxysmi</span> <span class='ocrx_word' id='word_1_52' title='bbox 634 1291 763 1363; x_wconf 91' lang='lat' dir='ltr'>criticis</span> <span class='ocrx_word' id='word_1_53' title='bbox 788 1303 911 1366; x_wconf 83' lang='lat' dir='ltr'>carent</span> <span class='ocrx_word' id='word_1_54' title='bbox 935 1287 1144 1384; x_wconf 74' lang='lat' dir='ltr'>sudoribus3</span> <span class='ocrx_word' id='word_1_55' title='bbox 1168 1313 1276 1390; x_wconf 88' lang='lat' dir='ltr'>quare</span> <span class='ocrx_word' id='word_1_56' title='bbox 1300 1287 1433 1388; x_wconf 76' lang='lat' dir='ltr'>hydro·</span> 
     </span>
     <span class='ocr_line' id='line_1_10' title="bbox 316 1408 1504 1514; baseline -0.005 -29"><span class='ocrx_word' id='word_1_57' title='bbox 316 1437 379 1514; x_wconf 89' lang='lat' dir='ltr'>pes</span> <span class='ocrx_word' id='word_1_58' title='bbox 404 1411 575 1485; x_wconf 77' lang='lat' dir='ltr'>similibus</span> <span class='ocrx_word' id='word_1_59' title='bbox 599 1411 638 1482; x_wconf 90' lang='lat' dir='ltr'>in</span> <span class='ocrx_word' id='word_1_60' title='bbox 663 1410 801 1484; x_wconf 86' lang='lat' dir='ltr'>casibus</span> <span class='ocrx_word' id='word_1_61' title='bbox 826 1409 970 1484; x_wconf 77' lang='lat' dir='ltr'>obortas</span> <span class='ocrx_word' id='word_1_62' title='bbox 995 1408 1105 1485; x_wconf 88' lang='lat' dir='ltr'>veluti</span> <span class='ocrx_word' id='word_1_63' title='bbox 1131 1411 1284 1510; x_wconf 87' lang='lat' dir='ltr'>speciem</span> <span class='ocrx_word' id='word_1_64' title='bbox 1300 1408 1430 1480; x_wconf 90' lang='lat' dir='ltr'>criseos</span> <span class='ocrx_word' id='word_1_65' title='bbox 1499 1491 1504 1500; x_wconf 35' lang='grc' dir='ltr'>Ι</span> 
     </span>
     <span class='ocr_line' id='line_1_11' title="bbox 316 1527 1435 1629; baseline -0.008 -22"><span class='ocrx_word' id='word_1_66' title='bbox 316 1555 483 1607; x_wconf 81' lang='lat' dir='ltr'>erroneae</span> <span class='ocrx_word' id='word_1_67' title='bbox 508 1527 728 1604; x_wconf 88' lang='lat' dir='ltr'>considerare</span> <span class='ocrx_word' id='word_1_68' title='bbox 753 1553 827 1605; x_wconf 90' lang='lat' dir='ltr'>nen</span> <span class='ocrx_word' id='word_1_69' title='bbox 851 1529 967 1629; x_wconf 90' lang='lat' dir='ltr'>piget,</span> <span class='ocrx_word' id='word_1_70' title='bbox 990 1529 1156 1602; x_wconf 83' lang='lat' dir='ltr'>incitatae</span> <span class='ocrx_word' id='word_1_71' title='bbox 1180 1527 1347 1601; x_wconf 89' lang='lat' dir='ltr'>nimirum</span> <span class='ocrx_word' id='word_1_72' title='bbox 1363 1550 1435 1626; x_wconf 90' lang='lat' dir='ltr'>per</span> 
     </span>
     <span class='ocr_line' id='line_1_12' title="bbox 261 1643 1472 1750; baseline -0.006 -26"><span class='ocrx_word' id='word_1_73' title='bbox 261 1691 265 1700; x_wconf 95' lang='lat'>·</span> <span class='ocrx_word' id='word_1_74' title='bbox 315 1648 515 1750; x_wconf 87' lang='lat' dir='ltr'>superficies</span> <span class='ocrx_word' id='word_1_75' title='bbox 540 1671 675 1722; x_wconf 89' lang='lat' dir='ltr'>serosas</span> <span class='ocrx_word' id='word_1_76' title='bbox 700 1643 929 1721; x_wconf 76' lang='lat' dir='ltr'>exhalationis</span> <span class='ocrx_word' id='word_1_77' title='bbox 940 1701 952 1746; x_wconf 90' lang='lat'>,</span> <span class='ocrx_word' id='word_1_78' title='bbox 986 1645 1134 1721; x_wconf 89' lang='lat' dir='ltr'>cohibiti</span> <span class='ocrx_word' id='word_1_79' title='bbox 1168 1645 1305 1720; x_wconf 85' lang='lat' dir='ltr'>sudoris</span> <span class='ocrx_word' id='word_1_80' title='bbox 1334 1645 1430 1718; x_wconf 86' lang='lat' dir='ltr'>vices</span> <span class='ocrx_word' id='word_1_81' title='bbox 1470 1698 1472 1704; x_wconf 83' lang='lat'><em>-</em></span> 
     </span>
     <span class='ocr_line' id='line_1_13' title="bbox 316 1757 1444 1864; baseline -0.003 -26"><span class='ocrx_word' id='word_1_82' title='bbox 316 1765 469 1864; x_wconf 87' lang='lat' dir='ltr'>agentis,</span> <span class='ocrx_word' id='word_1_83' title='bbox 493 1761 671 1840; x_wconf 78' lang='lat' dir='ltr'>ellectum.</span> <span class='ocrx_word' id='word_1_84' title='bbox 706 1765 796 1838; x_wconf 83' lang='lat' dir='ltr'>Prae</span> <span class='ocrx_word' id='word_1_85' title='bbox 822 1765 967 1842; x_wconf 83' lang='lat' dir='ltr'>caeteris</span> <span class='ocrx_word' id='word_1_86' title='bbox 993 1763 1056 1838; x_wconf 89' lang='lat' dir='ltr'>tali</span> <span class='ocrx_word' id='word_1_87' title='bbox 1080 1757 1189 1838; x_wconf 86' lang='lat' dir='ltr'>modo</span> <span class='ocrx_word' id='word_1_88' title='bbox 1214 1763 1444 1864; x_wconf 86' lang='lat' dir='ltr'>degenerant·</span> 
     </span>
     <span class='ocr_line' id='line_1_14' title="bbox 316 1877 1443 1984; baseline -0.002 -28"><span class='ocrx_word' id='word_1_89' title='bbox 316 1877 431 1956; x_wconf 70' lang='lat' dir='ltr'>{etms</span> <span class='ocrx_word' id='word_1_90' title='bbox 449 1895 641 1984; x_wconf 85' lang='lat' dir='ltr'>quartanae</span> <span class='ocrx_word' id='word_1_91' title='bbox 657 1879 880 1983; x_wconf 88' lang='lat' dir='ltr'>duplicatae,</span> <span class='ocrx_word' id='word_1_92' title='bbox 904 1895 941 1955; x_wconf 88' lang='lat' dir='ltr'>et</span> <span class='ocrx_word' id='word_1_93' title='bbox 957 1880 1176 1983; x_wconf 86' lang='lat' dir='ltr'>triplicatae,</span> <span class='ocrx_word' id='word_1_94' title='bbox 1200 1882 1251 1976; x_wconf 91' lang='lat' dir='ltr'>si,</span> <span class='ocrx_word' id='word_1_95' title='bbox 1271 1879 1443 1980; x_wconf 88' lang='lat' dir='ltr'>neglecto·</span> 
     </span>
     <span class='ocr_line' id='line_1_15' title="bbox 317 1996 1430 2100; baseline -0.001 -28"><span class='ocrx_word' id='word_1_96' title='bbox 317 1996 555 2077; x_wconf 82' lang='lat' dir='ltr'>remediorum</span> <span class='ocrx_word' id='word_1_97' title='bbox 579 1997 792 2076; x_wconf 86' lang='lat' dir='ltr'>solventium</span> <span class='ocrx_word' id='word_1_98' title='bbox 817 2023 905 2096; x_wconf 89' lang='lat' dir='ltr'>usu,</span> <span class='ocrx_word' id='word_1_99' title='bbox 929 2013 1010 2072; x_wconf 86' lang='lat' dir='ltr'>ante</span> <span class='ocrx_word' id='word_1_100' title='bbox 1035 2013 1175 2100; x_wconf 84' lang='lat' dir='ltr'>tempus</span> <span class='ocrx_word' id='word_1_101' title='bbox 1201 2025 1284 2072; x_wconf 90' lang='lat' dir='ltr'>cum</span> <span class='ocrx_word' id='word_1_102' title='bbox 1301 2000 1430 2072; x_wconf 83' lang='lat' dir='ltr'>cortice</span> 
     </span>
     <span class='ocr_line' id='line_1_16' title="bbox 316 2111 1427 2216; baseline -0.002 -26"><span class='ocrx_word' id='word_1_103' title='bbox 316 2111 490 2214; x_wconf 75' lang='lat' dir='ltr'>febrifuga</span> <span class='ocrx_word' id='word_1_104' title='bbox 524 2128 729 2195; x_wconf 81' lang='lat' dir='ltr'>tractantur.</span> <span class='ocrx_word' id='word_1_105' title='bbox 752 2157 803 2179; x_wconf 86' lang='lat'>-·</span> <span class='ocrx_word' id='word_1_106' title='bbox 830 2117 914 2192; x_wconf 82' lang='lat' dir='ltr'>Mox</span> <span class='ocrx_word' id='word_1_107' title='bbox 950 2113 1095 2190; x_wconf 88' lang='lat' dir='ltr'>tandem</span> <span class='ocrx_word' id='word_1_108' title='bbox 1132 2113 1328 2216; x_wconf 74' lang='lat' dir='ltr'>hydrops,</span> <span class='ocrx_word' id='word_1_109' title='bbox 1354 2129 1427 2190; x_wconf 89' lang='lat' dir='ltr'>tam</span> 
     </span>
     <span class='ocr_line' id='line_1_17' title="bbox 316 2229 1432 2335; baseline -0.002 -27"><span class='ocrx_word' id='word_1_110' title='bbox 316 2229 532 2326; x_wconf 82' lang='lat' dir='ltr'>catholicus,</span> <span class='ocrx_word' id='word_1_111' title='bbox 556 2257 665 2332; x_wconf 89' lang='lat' dir='ltr'>quam</span> <span class='ocrx_word' id='word_1_112' title='bbox 689 2230 945 2331; x_wconf 85' lang='lat' dir='ltr'>abdominalis,</span> <span class='ocrx_word' id='word_1_113' title='bbox 968 2233 1067 2308; x_wconf 86' lang='lat' dir='ltr'>nulla</span> <span class='ocrx_word' id='word_1_114' title='bbox 1090 2230 1161 2308; x_wconf 90' lang='lat' dir='ltr'>alia</span> <span class='ocrx_word' id='word_1_115' title='bbox 1186 2231 1267 2309; x_wconf 88' lang='lat' dir='ltr'>labe</span> <span class='ocrx_word' id='word_1_116' title='bbox 1291 2259 1432 2335; x_wconf 88' lang='lat' dir='ltr'>praece·</span> 
     </span>
     <span class='ocr_line' id='line_1_18' title="bbox 316 2347 1428 2456; baseline 0.001 -32"><span class='ocrx_word' id='word_1_117' title='bbox 316 2347 443 2446; x_wconf 84' lang='lat' dir='ltr'>deute,</span> <span class='ocrx_word' id='word_1_118' title='bbox 467 2351 630 2451; x_wconf 85' lang='lat' dir='ltr'>primitus</span> <span class='ocrx_word' id='word_1_119' title='bbox 655 2351 851 2456; x_wconf 83' lang='lat' dir='ltr'>evolvitur,</span> <span class='ocrx_word' id='word_1_120' title='bbox 884 2349 1057 2438; x_wconf 81' lang='lat' dir='ltr'>directam</span> <span class='ocrx_word' id='word_1_121' title='bbox 1091 2350 1136 2424; x_wconf 91' lang='lat' dir='ltr'>ab</span> <span class='ocrx_word' id='word_1_122' title='bbox 1162 2351 1428 2452; x_wconf 86' lang='lat' dir='ltr'>atmosplraerae</span> 
     </span>
     <span class='ocr_line' id='line_1_19' title="bbox 234 2467 1429 2571; baseline -0.001 -30"><span class='ocrx_word' id='word_1_123' title='bbox 234 2469 235 2477; x_wconf 65' lang='lat'><em>&#39;</em></span> <span class='ocrx_word' id='word_1_124' title='bbox 315 2467 518 2542; x_wconf 90' lang='lat' dir='ltr'>conditione</span> <span class='ocrx_word' id='word_1_125' title='bbox 543 2467 713 2569; x_wconf 82' lang='lat' dir='ltr'>originem</span> <span class='ocrx_word' id='word_1_126' title='bbox 750 2469 971 2571; x_wconf 88' lang='lat' dir='ltr'>depromens.</span> <span class='ocrx_word' id='word_1_127' title='bbox 1007 2471 1122 2570; x_wconf 88' lang='lat' dir='ltr'>Hujus</span> <span class='ocrx_word' id='word_1_128' title='bbox 1161 2474 1232 2568; x_wconf 81' lang='lat' dir='ltr'>jam</span> <span class='ocrx_word' id='word_1_129' title='bbox 1257 2468 1429 2571; x_wconf 78' lang='lat' dir='ltr'>hydropis</span> 
     </span>
     <span class='ocr_line' id='line_1_20' title="bbox 314 2587 1429 2691; baseline 0 -29"><span class='ocrx_word' id='word_1_130' title='bbox 314 2587 552 2689; x_wconf 84' lang='lat' dir='ltr'>protopathici</span> <span class='ocrx_word' id='word_1_131' title='bbox 576 2591 803 2688; x_wconf 89' lang='lat' dir='ltr'>nosogeniam</span> <span class='ocrx_word' id='word_1_132' title='bbox 820 2587 1014 2691; x_wconf 89' lang='lat' dir='ltr'>quidquam</span> <span class='ocrx_word' id='word_1_133' title='bbox 1032 2589 1186 2662; x_wconf 86' lang='lat' dir='ltr'>curatius</span> <span class='ocrx_word' id='word_1_134' title='bbox 1203 2588 1429 2688; x_wconf 86' lang='lat' dir='ltr'>inquiremus.</span> 
     </span>
     <span class='ocr_line' id='line_1_21' title="bbox 365 2701 1429 2806; baseline 0.001 -30"><span class='ocrx_word' id='word_1_135' title='bbox 365 2701 448 2796; x_wconf 90' lang='lat' dir='ltr'>Quo</span> <span class='ocrx_word' id='word_1_136' title='bbox 460 2703 577 2779; x_wconf 84' lang='lat' dir='ltr'>miraus</span> <span class='ocrx_word' id='word_1_137' title='bbox 591 2705 713 2778; x_wconf 87' lang='lat' dir='ltr'>efficax</span> <span class='ocrx_word' id='word_1_138' title='bbox 730 2705 835 2779; x_wconf 87' lang='lat' dir='ltr'>suerit</span> <span class='ocrx_word' id='word_1_139' title='bbox 850 2705 948 2780; x_wconf 90' lang='lat' dir='ltr'>lusus</span> <span class='ocrx_word' id='word_1_140' title='bbox 965 2707 1094 2781; x_wconf 86' lang='lat' dir='ltr'>virium</span> <span class='ocrx_word' id='word_1_141' title='bbox 1110 2708 1148 2779; x_wconf 91' lang='lat' dir='ltr'>in</span> <span class='ocrx_word' id='word_1_142' title='bbox 1165 2705 1429 2806; x_wconf 82' lang='lat' dir='ltr'>atmosplraera,</span> 
     </span>
     <span class='ocr_line' id='line_1_22' title="bbox 314 2821 1429 2927; baseline 0.002 -29"><span class='ocrx_word' id='word_1_143' title='bbox 314 2847 359 2898; x_wconf 84' lang='lat' dir='ltr'>eo</span> <span class='ocrx_word' id='word_1_144' title='bbox 381 2825 499 2898; x_wconf 88' lang='lat' dir='ltr'>minus</span> <span class='ocrx_word' id='word_1_145' title='bbox 516 2821 604 2898; x_wconf 90' lang='lat' dir='ltr'>haec</span> <span class='ocrx_word' id='word_1_146' title='bbox 620 2851 722 2899; x_wconf 87' lang='lat' dir='ltr'>suam</span> <span class='ocrx_word' id='word_1_147' title='bbox 738 2829 853 2903; x_wconf 90' lang='lat' dir='ltr'>crasin</span> <span class='ocrx_word' id='word_1_148' title='bbox 869 2826 1086 2923; x_wconf 82' lang='lat' dir='ltr'>normalem,</span> <span class='ocrx_word' id='word_1_149' title='bbox 1110 2853 1281 2927; x_wconf 89' lang='lat' dir='ltr'>suamque</span> <span class='ocrx_word' id='word_1_150' title='bbox 1298 2827 1429 2922; x_wconf 82' lang='lat' dir='ltr'>vitam,</span> 
     </span>
     <span class='ocr_line' id='line_1_23' title="bbox 314 2943 1429 3047; baseline -0.001 -29"><span class='ocrx_word' id='word_1_151' title='bbox 314 2945 345 3019; x_wconf 90' lang='lat' dir='ltr'>si</span> <span class='ocrx_word' id='word_1_152' title='bbox 368 2943 486 3022; x_wconf 87' lang='lat' dir='ltr'>dicere</span> <span class='ocrx_word' id='word_1_153' title='bbox 511 2945 563 3020; x_wconf 85' lang='lat' dir='ltr'>las</span> <span class='ocrx_word' id='word_1_154' title='bbox 589 2949 664 3045; x_wconf 86' lang='lat' dir='ltr'>est,</span> <span class='ocrx_word' id='word_1_155' title='bbox 689 2973 897 3023; x_wconf 88' lang='lat' dir='ltr'>conservare</span> <span class='ocrx_word' id='word_1_156' title='bbox 922 2947 1025 3020; x_wconf 82' lang='lat' dir='ltr'>valet</span> <span class='ocrx_word' id='word_1_157' title='bbox 1052 2945 1205 3022; x_wconf 81' lang='lat' dir='ltr'>Infracta</span> <span class='ocrx_word' id='word_1_158' title='bbox 1231 2947 1338 3046; x_wconf 87' lang='lat' dir='ltr'>igitur</span> <span class='ocrx_word' id='word_1_159' title='bbox 1362 2971 1429 3047; x_wconf 91' lang='lat' dir='ltr'>po·</span> 
     </span>
     <span class='ocr_line' id='line_1_24' title="bbox 315 3062 1429 3168; baseline -0.005 -26"><span class='ocrx_word' id='word_1_160' title='bbox 315 3076 440 3142; x_wconf 76' lang='lat' dir='ltr'>usuca</span> <span class='ocrx_word' id='word_1_161' title='bbox 464 3062 705 3160; x_wconf 85' lang='lat' dir='ltr'>adsimilante,</span> <span class='ocrx_word' id='word_1_162' title='bbox 721 3094 792 3168; x_wconf 90' lang='lat' dir='ltr'>qua</span> <span class='ocrx_word' id='word_1_163' title='bbox 815 3079 874 3140; x_wconf 75' lang='lat' dir='ltr'>adr</span> <span class='ocrx_word' id='word_1_164' title='bbox 890 3064 1020 3167; x_wconf 88' lang='lat' dir='ltr'>pollet,</span> <span class='ocrx_word' id='word_1_165' title='bbox 1045 3065 1247 3140; x_wconf 78' lang='lat' dir='ltr'>formationi</span> <span class='ocrx_word' id='word_1_166' title='bbox 1272 3063 1429 3166; x_wconf 91' lang='lat' dir='ltr'>produc·</span> 
     </span>
     <span class='ocr_line' id='line_1_25' title="bbox 315 3181 1430 3285; baseline -0.004 -29"><span class='ocrx_word' id='word_1_167' title='bbox 315 3195 436 3256; x_wconf 86' lang='lat' dir='ltr'>torum</span> <span class='ocrx_word' id='word_1_168' title='bbox 469 3181 502 3256; x_wconf 89' lang='lat' dir='ltr'>ei</span> <span class='ocrx_word' id='word_1_169' title='bbox 538 3184 833 3285; x_wconf 90' lang='lat' dir='ltr'>impropriorum,</span> <span class='ocrx_word' id='word_1_170' title='bbox 866 3185 918 3256; x_wconf 92' lang='lat' dir='ltr'>uti</span> <span class='ocrx_word' id='word_1_171' title='bbox 954 3196 1071 3256; x_wconf 90' lang='lat' dir='ltr'>essent</span> <span class='ocrx_word' id='word_1_172' title='bbox 1115 3207 1264 3283; x_wconf 85' lang='lat' dir='ltr'>vapores</span> <span class='ocrx_word' id='word_1_173' title='bbox 1300 3181 1430 3281; x_wconf 90' lang='lat' dir='ltr'>aquei,</span> 
     </span>
     <span class='ocr_line' id='line_1_26' title="bbox 315 3299 1429 3402; baseline -0.004 -29"><span class='ocrx_word' id='word_1_174' title='bbox 315 3299 531 3374; x_wconf 86' lang='lat' dir='ltr'>necessarius</span> <span class='ocrx_word' id='word_1_175' title='bbox 555 3325 629 3374; x_wconf 91' lang='lat' dir='ltr'>non</span> <span class='ocrx_word' id='word_1_176' title='bbox 646 3303 838 3402; x_wconf 87' lang='lat' dir='ltr'>opponitur</span> <span class='ocrx_word' id='word_1_177' title='bbox 854 3302 1013 3396; x_wconf 89' lang='lat' dir='ltr'>renisus,</span> <span class='ocrx_word' id='word_1_178' title='bbox 1037 3299 1188 3400; x_wconf 88' lang='lat' dir='ltr'>ideoque</span> <span class='ocrx_word' id='word_1_179' title='bbox 1208 3299 1429 3371; x_wconf 88' lang='lat' dir='ltr'>dominatum</span> 
     </span>
     <span class='ocr_line' id='line_1_27' title="bbox 316 3415 1430 3520; baseline -0.002 -32"><span class='ocrx_word' id='word_1_180' title='bbox 316 3415 560 3516; x_wconf 89' lang='lat' dir='ltr'>adipiscuntur</span> <span class='ocrx_word' id='word_1_181' title='bbox 594 3417 754 3514; x_wconf 80' lang='lat' dir='ltr'>fomites,</span> <span class='ocrx_word' id='word_1_182' title='bbox 789 3443 942 3520; x_wconf 89' lang='lat' dir='ltr'>quorum</span> <span class='ocrx_word' id='word_1_183' title='bbox 976 3420 1015 3489; x_wconf 88' lang='lat' dir='ltr'>in</span> <span class='ocrx_word' id='word_1_184' title='bbox 1041 3429 1120 3490; x_wconf 72' lang='lat' dir='ltr'>aere</span> <span class='ocrx_word' id='word_1_185' title='bbox 1146 3443 1256 3517; x_wconf 86' lang='lat' dir='ltr'>puro,</span> <span class='ocrx_word' id='word_1_186' title='bbox 1281 3441 1367 3490; x_wconf 88' lang='lat' dir='ltr'>sano</span> <span class='ocrx_word' id='word_1_187' title='bbox 1393 3427 1430 3487; x_wconf 85' lang='lat' dir='ltr'>et</span> 
     </span>
     <span class='ocr_line' id='line_1_28' title="bbox 315 3533 1429 3636; baseline 0.001 -29"><span class='ocrx_word' id='word_1_188' title='bbox 315 3535 526 3608; x_wconf 85' lang='lat' dir='ltr'>intemerato</span> <span class='ocrx_word' id='word_1_189' title='bbox 564 3533 662 3608; x_wconf 85' lang='lat' dir='ltr'>nulla</span> <span class='ocrx_word' id='word_1_190' title='bbox 698 3563 773 3610; x_wconf 91' lang='lat' dir='ltr'>esse</span> <span class='ocrx_word' id='word_1_191' title='bbox 811 3536 981 3610; x_wconf 90' lang='lat' dir='ltr'>deberent</span> <span class='ocrx_word' id='word_1_192' title='bbox 1022 3535 1175 3636; x_wconf 91' lang='lat' dir='ltr'>vestigia.</span> <span class='ocrx_word' id='word_1_193' title='bbox 1217 3533 1429 3609; x_wconf 85' lang='lat' dir='ltr'>Praevalens</span> 
     </span>
     <span class='ocr_line' id='line_1_29' title="bbox 316 3651 1428 3754; baseline 0.002 -32"><span class='ocrx_word' id='word_1_194' title='bbox 316 3663 437 3722; x_wconf 88' lang='lat' dir='ltr'>autem</span> <span class='ocrx_word' id='word_1_195' title='bbox 468 3675 653 3752; x_wconf 90' lang='lat' dir='ltr'>processus</span> <span class='ocrx_word' id='word_1_196' title='bbox 688 3653 969 3754; x_wconf 83' lang='lat' dir='ltr'>hydrogeneseos</span> <span class='ocrx_word' id='word_1_197' title='bbox 1004 3653 1043 3726; x_wconf 91' lang='lat' dir='ltr'>in</span> <span class='ocrx_word' id='word_1_198' title='bbox 1067 3651 1336 3754; x_wconf 84' lang='lat' dir='ltr'>atmosplraara,</span> <span class='ocrx_word' id='word_1_199' title='bbox 1371 3677 1428 3725; x_wconf 91' lang='lat' dir='ltr'>se-</span> 
     </span>
     <span class='ocr_line' id='line_1_30' title="bbox 317 3767 1429 3872; baseline -0.001 -30"><span class='ocrx_word' id='word_1_200' title='bbox 317 3767 476 3844; x_wconf 90' lang='lat' dir='ltr'>cundum</span> <span class='ocrx_word' id='word_1_201' title='bbox 500 3768 613 3870; x_wconf 90' lang='lat' dir='ltr'>legem</span> <span class='ocrx_word' id='word_1_202' title='bbox 634 3772 740 3872; x_wconf 91' lang='lat' dir='ltr'>paulo</span> <span class='ocrx_word' id='word_1_203' title='bbox 766 3787 848 3846; x_wconf 88' lang='lat' dir='ltr'>ante</span> <span class='ocrx_word' id='word_1_204' title='bbox 873 3771 1051 3869; x_wconf 83' lang='lat' dir='ltr'>adlatam,</span> <span class='ocrx_word' id='word_1_205' title='bbox 1074 3773 1112 3844; x_wconf 90' lang='lat' dir='ltr'>in</span> <span class='ocrx_word' id='word_1_206' title='bbox 1133 3771 1271 3844; x_wconf 91' lang='lat' dir='ltr'>cunctis</span> <span class='ocrx_word' id='word_1_207' title='bbox 1288 3769 1429 3843; x_wconf 83' lang='lat' dir='ltr'>entibus</span> 
     </span>
     <span class='ocr_line' id='line_1_31' title="bbox 316 3888 1456 3992; baseline -0.004 -28"><span class='ocrx_word' id='word_1_208' title='bbox 316 3889 406 3966; x_wconf 84' lang='lat' dir='ltr'>vivis</span> <span class='ocrx_word' id='word_1_209' title='bbox 431 3889 619 3990; x_wconf 90' lang='lat' dir='ltr'>analogum</span> <span class='ocrx_word' id='word_1_210' title='bbox 643 3917 847 3992; x_wconf 85' lang='lat' dir='ltr'>processum</span> <span class='ocrx_word' id='word_1_211' title='bbox 881 3893 1045 3966; x_wconf 82' lang='lat' dir='ltr'>concitat</span> <span class='ocrx_word' id='word_1_212' title='bbox 1075 3889 1260 3989; x_wconf 74' lang='lat' dir='ltr'>vegetatio</span> <span class='ocrx_word' id='word_1_213' title='bbox 1285 3888 1456 3990; x_wconf 89' lang='lat' dir='ltr'>quidem·</span> 
     </span>
     <span class='ocr_line' id='line_1_32' title="bbox 316 4007 1427 4110; baseline -0.003 -28"><span class='ocrx_word' id='word_1_214' title='bbox 316 4010 426 4110; x_wconf 90' lang='lat' dir='ltr'>magis</span> <span class='ocrx_word' id='word_1_215' title='bbox 450 4007 623 4106; x_wconf 85' lang='lat' dir='ltr'>luxuriat,</span> <span class='ocrx_word' id='word_1_216' title='bbox 658 4025 713 4086; x_wconf 90' lang='lat' dir='ltr'>ast</span> <span class='ocrx_word' id='word_1_217' title='bbox 743 4011 857 4087; x_wconf 87' lang='lat' dir='ltr'>multo</span> <span class='ocrx_word' id='word_1_218' title='bbox 891 4014 1066 4086; x_wconf 89' lang='lat' dir='ltr'>minorem</span> <span class='ocrx_word' id='word_1_219' title='bbox 1090 4009 1284 4083; x_wconf 88' lang='lat' dir='ltr'>intensivae</span> <span class='ocrx_word' id='word_1_220' title='bbox 1310 4007 1427 4108; x_wconf 88' lang='lat' dir='ltr'>perle-</span> 
     </span>
     <span class='ocr_line' id='line_1_33' title="bbox 316 4123 1429 4229; baseline -0.004 -29"><span class='ocrx_word' id='word_1_221' title='bbox 316 4127 441 4200; x_wconf 87' lang='lat' dir='ltr'>cticnis</span> <span class='ocrx_word' id='word_1_222' title='bbox 466 4139 503 4200; x_wconf 91' lang='lat' dir='ltr'>et</span> <span class='ocrx_word' id='word_1_223' title='bbox 525 4123 692 4200; x_wconf 81' lang='lat' dir='ltr'>bonitatis</span> <span class='ocrx_word' id='word_1_224' title='bbox 718 4129 866 4229; x_wconf 88' lang='lat' dir='ltr'>gradum</span> <span class='ocrx_word' id='word_1_225' title='bbox 891 4129 1128 4229; x_wconf 86' lang='lat' dir='ltr'>adsequitur,</span> <span class='ocrx_word' id='word_1_226' title='bbox 1150 4123 1246 4200; x_wconf 91' lang='lat' dir='ltr'>unde</span> <span class='ocrx_word' id='word_1_227' title='bbox 1283 4123 1429 4226; x_wconf 87' lang='lat' dir='ltr'>plantae</span> 
     </span>
     <span class='ocr_line' id='line_1_34' title="bbox 315 4243 1429 4380; baseline -0.002 -64"><span class='ocrx_word' id='word_1_228' title='bbox 315 4244 426 4342; x_wconf 90' lang='lat' dir='ltr'>magis</span> <span class='ocrx_word' id='word_1_229' title='bbox 453 4257 612 4340; x_wconf 84' lang='lat' dir='ltr'>tenerae,</span> <span class='ocrx_word' id='word_1_230' title='bbox 637 4246 861 4320; x_wconf 90' lang='lat' dir='ltr'>succulentae</span> <span class='ocrx_word' id='word_1_231' title='bbox 872 4246 1093 4345; x_wconf 89' lang='lat' dir='ltr'>,inodorae,</span> <span class='ocrx_word' id='word_1_232' title='bbox 1123 4243 1258 4318; x_wconf 83' lang='lat' dir='ltr'>fructus</span> <span class='ocrx_word' id='word_1_233' title='bbox 1282 4243 1429 4380; x_wconf 83' lang='lat' dir='ltr'>aquosi,</span> 
     </span>
     <span class='ocr_line' id='line_1_35' title="bbox 316 4303 1428 4468; baseline 0.002 -36"><span class='ocrx_word' id='word_1_234' title='bbox 316 4359 480 4468; x_wconf 83' lang='lat' dir='ltr'>insipidi,</span> <span class='ocrx_word' id='word_1_235' title='bbox 514 4363 566 4435; x_wconf 89' lang='lat' dir='ltr'>uti</span> <span class='ocrx_word' id='word_1_236' title='bbox 601 4389 722 4465; x_wconf 87' lang='lat' dir='ltr'>reapse</span> <span class='ocrx_word' id='word_1_237' title='bbox 748 4367 784 4438; x_wconf 93' lang='lat' dir='ltr'>in</span> <span class='ocrx_word' id='word_1_238' title='bbox 810 4303 965 4440; x_wconf 83' lang='lat' dir='ltr'>huriridis</span> <span class='ocrx_word' id='word_1_239' title='bbox 991 4362 1184 4440; x_wconf 90' lang='lat' dir='ltr'>admodum</span> <span class='ocrx_word' id='word_1_240' title='bbox 1219 4362 1331 4436; x_wconf 88' lang='lat' dir='ltr'>nostri</span> <span class='ocrx_word' id='word_1_241' title='bbox 1355 4362 1428 4460; x_wconf 86' lang='lat' dir='ltr'>agri</span> 
     </span>
    </p>
   </div>
   <div class='ocr_carea' id='block_1_2' title="bbox 311 4453 1429 4604">
    <p class='ocr_par' dir='ltr' id='par_1_2' title="bbox 311 4453 1429 4604">
     <span class='ocr_line' id='line_1_36' title="bbox 311 4453 1429 4604; baseline -0.001 -49"><span class='ocrx_word' id='word_1_242' title='bbox 311 4453 419 4558; x_wconf 70' lang='lat' dir='ltr'>liuta</span> <span class='ocrx_word' id='word_1_243' title='bbox 435 4481 623 4604; x_wconf 81' lang='lat' dir='ltr'>observare</span> <span class='ocrx_word' id='word_1_244' title='bbox 642 4499 716 4587; x_wconf 84' lang='lat' dir='ltr'>est:</span> <span class='ocrx_word' id='word_1_245' title='bbox 740 4485 900 4562; x_wconf 87' lang='lat' dir='ltr'>homines</span> <span class='ocrx_word' id='word_1_246' title='bbox 924 4487 1013 4560; x_wconf 84' lang='lat' dir='ltr'>liunt</span> <span class='ocrx_word' id='word_1_247' title='bbox 1035 4483 1103 4558; x_wconf 83' lang='lat' dir='ltr'>lari</span> <span class='ocrx_word' id='word_1_248' title='bbox 1114 4480 1429 4584; x_wconf 84' lang='lat' dir='ltr'>,leucophlcgma</span> 
     </span>
    </p>
   </div>
   <div class='ocr_carea' id='block_1_3' title="bbox 0 0 1636 5194">
    <p class='ocr_par' dir='ltr' id='par_1_3' title="bbox 0 0 1636 5194">
     <span class='ocr_line' id='line_1_37' title="bbox 0 0 1636 5194; baseline 0 2"><span class='ocrx_word' id='word_1_249' title='bbox 0 0 1636 5194; x_wconf 95' lang='lat' dir='ltr'> </span> 
     </span>
    </p>
   </div>
  </div>
 </body>
</html>
