3148 5170
1162 361 1230 436 ²9¹

129 451 324 547 rationem,
348 469 456 552 elisam
480 452 697 550 invenimus,
730 478 751 526 a
785 451 934 554 longiori
971 457 1045 556 jana
1078 467 1238 558 tempore

127 571 330 668 delituisse,
353 570 605 672 suspicandum
630 585 714 646 erat
733 573 820 682 ¹Ipsa
845 571 990 650 tandem
1016 573 1177 650 doctrina
1193 575 1240 649 de

4 679 20 760 's'
127 714 322 764 nervorum
345 687 524 786 elriasmo,
548 701 585 764 et
608 689 865 766 adfectionibus
890 695 1047 772 nervosis
1076 694 1241 771 cruciatis

129 819 293 913 enarratu
327 830 410 880 casu
444 819 623 880 recentem
657 807 784 909 adepta
825 820 880 882 est
913 809 1243 908 confirmationem

4 939 5 976 ³
131 939 305 1025 quatenus
329 923 430 998 ulcus
454 925 492 1009 iu
520 923 629 1000 latere
663 925 788 1000 dextro
822 925 912 1022 suit,
945 926 1124 1028 passiones
1158 951 1240 1001 ner„

132 1069 244 1117 vosae·
262 1043 470 1146 praecipuae
494 1057 635 1142 autem,
658 1043 712 1122 uti
733 1022 963 1142 strabismus,
982 1043 1244 1143 convulsione,

4 1271 8 1280 .
132 1175 170 1234 et
192 1160 395 1277 paralyses,
417 1163 456 1246 iu
479 1161 622 1242 sinistro
646 1161 755 1250 latere
780 1159 1068 1250 observabantur,

495 1399 719 1484 HISTORIA
742 1393 887 1482 NONA.

342 1637 563 1751 Erysipelas
593 1637 874 1751 triopacttcam
892 1641 1037 1753 faciei,

260 1833 303 1914 in
331 1833 627 1946 Meuirgitidem
656 1836 935 1926 mansuetam
965 1863 1125 1922 cerauni.

149 2155 152 2162 A
188 2083 342 2180 Tertor,
367 2084 413 2161 23
439 2111 636 2183 annorum,
659 2085 823 2187 gracilem
857 2099 895 2160 et
927 2086 1109 2162 infirmum
1133 2111 1153 2160 a
1179 2111 1248 2162 uae

138 2213 216 2274 tura
242 2205 386 2277 sortitus
411 2207 568 2307 corporis
593 2204 776 2303 habitum,
809 2211 881 2308 jam
917 2233 937 2280 a
969 2207 1097 2284 teneris
1120 2207 1250 2307 ungui-1

139 2317 228 2392 culis
254 2319 474 2422 frequentes,
497 2323 679 2424 uariasque
704 2349 889 2424 perpessus
905 2337 959 2398 est
974 2325 1250 2424 aegrotationes,

4 2449 6 2460 ’
138 2435 253 2510 febres
276 2438 551 2521 intermittentes
572 2443 892 2544 pervicacissimus,
921 2443 1249 2546 Pffi'PlleumOfliffls

4 2539 8 2639 ’,
139 2555 328 2656 erysipelas
352 2583 449 2632 nunc
480 2559 527 2634 ad
559 2560 707 2657 faciem,
745 2585 845 2644 nurse
884 2561 931 2638 ad
971 2587 1097 2658 crura,
1120 2559 1253 2664 quibua

5 2747 6 2752 ,
138 2673 229 2756 adde
254 2674 479 2775 cephalaeam
495 2675 733 2773 habitualem,
748 2691 785 2750 et
800 2677 1033 2778 phyaocuiarn
1056 2677 1250 2778 splenicam

140 2821 162 2866 a
186 2793 306 2870 multis
323 2797 424 2870 annis
440 2811 705 2898 perennantem.
722 2798 788 2872 Die
803 2825 859 2900 27.
877 2797 994 2876 Martii
1025 2799 1134 2892 1818,
1149 2809 1248 2898 post·

138 2936 247 3010 quam
270 2913 433 2986 incautus
458 2927 639 2988 aestuante
663 2939 812 3016 corpore
829 2939 951 2998 auram
968 2913 1129 3014 frigidam
1145 2939 1246 2988 erce·

138 3031 213 3132 pit,
236 3029 426 3132 derepente
450 3031 647 3130 inbannit,
671 3034 785 3134 capite
810 3045 949 3134 praeter
966 3029 1102 3114 moriem
1118 3031 1251 3128 doluit,

139 3145 369 3248 postmodum
393 3150 585 3246 aestuavit,
615 3163 720 3252 atque
749 3151 868 3224 sitivit„
899 3150 1031 3230 Versus
1061 3149 1251 3252 hesperum

140 3289 263 3338 recens
288 3264 425 3352 invadit
449 3265 688 3369 horripilatio,
716 3269 958 3345 intumescunt
991 3293 1099 3370 genae
1123 3283 1160 3344 et
1184 3295 1248 3345 au·

141 3385 271 3460 riculae
297 3413 382 3468 cum
404 3388 538 3476 ardoris
554 3415 680 3487 sensu,
695 3389 741 3464 ad
754 3389 963 3466 concutiam
981 3417 1092 3494 usque
1108 3405 1252 3467 noctem

141 3503 273 3579 lbbrilis
297 3520 399 3606 urget
422 3505 528 3582 calor.
555 3507 798 3610 subsequente
822 3508 879 3582 die
904 3509 1066 3608 epistards
1091 3507 1256 3584 oboritur

140 3625 235 3728 larga
260 3654 343 3702 cum
368 3611 486 3730 aliquo
511 3629 773 3727 emolumento,
797 3630 981 3736 ameridie
996 3643 1115 3704 umen
1131 3654 1252 3706 rursus

140 3747 362 3834 excandescit
386 3748 513 3847 lebria,
537 3749 801 3826 increbescente
831 3749 941 3824 faciei·
966 3760 1106 3824 tumore
1139 3747 1251 3848 erysi-

141 3868 295 3970 pelaceo.
320 3870 387 3942 Die
414 3895 471 3970 29.
502 3871 651 3944 recurrit
680 3867 898 3950 stillicidium
932 3881 1119 3942 cruentum
1147 3893 1167 3944 e
1191 3891 1255 3942 rte-2

141 3986 262 4083 ribus,
285 3997 523 4088 symptomata
549 3987 706 4085 sebrilia,
730 4001 767 4062 et
790 3987 852 4064 illa
876 3986 1095 4088 erysipelatia
1124 3985 1253 4060 ecdem

142 4117 265 4179 tenore
288 4103 570 4206 progrediuntur.
606 4107 672 4180 Die
706 4105 765 4180 30.
803 4105 953 4200 mensis,
979 4105 1011 4196 d
1036 4099 1172 4198 morbi,
1195 4127 1251 4176 se·

141 4227 285 4325 quentia
310 4225 552 4302 observantur.
588 4229 725 4303 Tumor
761 4224 1078 4321 inflammatorius,
1111 4222 1253 4321 elatus,

140 4343 269 4418 coloris
293 4345 498 4446 phoenicei,
522 4345 743 4447 phlyctaenis
768 4369 993 4447 conspersus,
1010 4356 1125 4417 tetum
1149 4365 1253 4418 occu·

140 4473 202 4564 pat
226 4459 365 4538 vultum
391 4477 497 4566 atque
524 4464 697 4570 frontem,
721 4461 910 4568 palpebrae
932 4461 1087 4539 tumidae
1112 4461 1251 4562 gumtis
