3228 5166
310 351 358 448 tl

308 468 496 568 Hispaniae
530 465 676 550 historia
711 479 883 562 testatur,
916 507 968 525 --
999 489 1094 540 anno
1139 486 1231 539 rasa
1269 477 1415 578 curante

305 587 484 663 Cardinali
501 588 669 661 Consano
685 585 862 684 araalogis,
886 586 941 658 uti
955 586 1153 682 Parisiaca,
1176 583 1415 659 exornabatur

306 709 520 809 privilegiis,
543 731 713 806 suamque
738 707 777 780 in
792 705 938 780 medicis
955 703 1149 806 disciplinis
1165 699 1418 806 praestantiam

305 826 498 928 perplura
524 822 917 900 conservavitsaecula.
953 821 1144 896 Salubritas
1176 821 1346 917 climatis,
1380 834 1417 893 et

306 947 395 1020 coeli
417 947 627 1042 elementia,
650 950 750 1045 cujus
766 945 878 1042 gratia
895 956 1113 1042 aegrotantes
1130 941 1216 1015 illuc
1234 941 1416 1015 turmatim

306 1063 583 1158 concurrebant,
607 1088 673 1135 nec
698 1087 772 1136 nau
796 1061 949 1134 illustres
967 1060 1161 1136 medicinae
1179 1059 1415 1162 professores,

305 1181 512 1255 Bennannus
539 1208 582 1254 nn
609 1181 797 1254 Gannomo
821 1179 1000 1274 (1284),
1030 1179 1216 1252 Anaannus
1240 1179 1415 1251 Veneno·

305 1323 416 1374 vasus
441 1297 559 1397 (1295
573 1305 605 1395 ),
629 1297 749 1370 Gumo
776 1324 820 1370 nn
846 1296 1024 1370 Cetturae
1046 1295 1210 1390 (1363),
1234 1295 1414 1368 Vanescos

307 1445 351 1490 un
369 1419 564 1510 Tamara(
584 1417 676 1510 1418
687 1423 720 1512 ),
745 1415 873 1514 aliique
889 1413 1031 1516 plures,
1055 1413 1295 1488 celebritatem
1310 1413 1416 1488 Athe·
1471 1489 1481 1510 ,

306 1538 385 1610 naei
411 1534 675 1636 Monspeliensis
699 1534 881 1632 insigniter
910 1546 1092 1605 auxerunt.

356 1651 502 1726 Saeculo
526 1653 627 1726 XIII.
653 1652 760 1725 etiam
775 1652 813 1722 in
830 1649 930 1723 Italia
947 1648 1067 1750 plures
1084 1649 1241 1723 extitisse
1258 1647 1416 1745 scholas,

306 1771 357 1842 nti
374 1770 560 1865 Ferrarae,
585 1769 741 1864 Patavii,
766 1766 956 1842 Mediolani
970 1823 980 1863 ,
994 1766 1128 1862 Tloini,
1140 1781 1176 1839 et
1191 1766 1415 1860 Placentiae,

304 1905 433 1990 easque
457 1887 554 1963 haud
577 1889 792 1963 mediocrem
827 1887 1067 1988 expolitionis·
1084 1886 1233 1986 gradum
1264 1888 1414 1987 acquisi⁴

307 2008 417 2103 risse,
441 2007 663 2081 doctissimus
689 2007 943 2078 Traanoscmus
969 2017 1126 2078 testatur.
1143 2005 1306 2077 Eminuit
1330 2030 1415 2080 vero

309 2139 394 2197 tnnc
412 2125 578 2226 temporis
595 2123 787 2197 Academia
804 2122 1064 2218 Ramnenses,
1087 2136 1201 2196 mater
1216 2109 1416 2198 studiorum

305 2244 421 2340 dicta,
445 2259 481 2318 et
506 2245 565 2318 vix
589 2269 662 2318 non
686 2244 801 2343 prima
830 2241 1073 2316 Urrr'versa'tatis
1097 2241 1242 2316 titulum
1265 2241 1415 2344 adepta,

305 2389 395 2462 quae
421 2369 492 2464 jam
510 2387 604 2436 anno
627 2359 717 2460 1295
736 2361 910 2459 insignem
925 2359 1200 2455 bibliothecam,
1225 2359 1410 2460 multoque

305 2480 402 2580 prius
427 2477 586 2552 scholam
609 2478 783 2551 medicam
808 2475 876 2550 sibi
902 2481 1060 2578 junctam
1084 2475 1220 2550 babuit
1252 2477 1416 2573 Primus,

305 2601 367 2699 qui
392 2597 556 2696 Magistri
590 2596 861 2698 appellationem
898 2598 990 2670 inter
1019 2596 1175 2671 medicos
1210 2599 1416 2697 usurpavit,

304 2718 373 2792 fuit
396 2718 545 2792 Jacorus
570 2718 880 2812 Barronomaasrs,
914 2717 976 2817 qui
1006 2743 1101 2792 anno
1138 2718 1230 2792 1213
1256 2718 1414 2794 decessit.

305 2835 424 2912 Medio
458 2833 599 2910 saeculo
632 2835 734 2908 XIII.
771 2833 961 2908 nobiliores
1001 2835 1147 2935 quidam
1189 2837 1414 2936 reperiuntur

304 2956 457 3051 medici,
491 2958 552 3054 qui
586 2951 727 3052 vulgata
761 2951 822 3025 illa
857 2966 893 3026 et
930 2953 1110 3026 communi
1142 2937 1411 3053 compellatione

303 3074 401 3148 naua
424 3073 601 3168 contens,
626 3071 759 3145 Meae
781 3069 957 3174 sapsas,
982 3086 1044 3144 aut
1068 3067 1272 3172 Paysaaas
1296 3055 1414 3148 scalt

303 3197 372 3266 tiae
406 3190 626 3290 Professores
662 3190 733 3263 dici
770 3203 952 3286 amarunt,
991 3215 1062 3290 quo
1098 3189 1242 3290 quidem
1271 3193 1415 3265 nomine

304 3307 444 3382 nullum
480 3307 685 3405 insignitum
721 3299 827 3379 fuisse
862 3320 1000 3380 constat
1037 3321 1118 3380 ante
1143 3307 1294 3380 Psrnura
1319 3308 1414 3380 Vsn-

304 3451 509 3501 cnmsussrr.
535 3425 674 3498 Eodem
698 3439 856 3526 tempore
873 3429 965 3500 inter
981 3427 1175 3500 medicinae
1192 3424 1411 3501 Professores

304 3543 481 3618 honorum
505 3541 632 3642 gradus
656 3543 787 3616 invecti
811 3557 916 3640 sunt,
941 3559 977 3616 et
1001 3545 1170 3619 Doctores
1196 3547 1305 3619 creari
1330 3573 1412 3620 eoe-

303 3677 454 3764 perunt,
480 3662 635 3762 Magistri
664 3660 807 3735 titulum
833 3668 903 3764 jam
928 3663 995 3736 sibi
1019 3664 1281 3738 vindicantibus
1312 3681 1413 3767 quot·

304 3793 392 3880 quot
427 3779 599 3854 Clinicam
633 3779 830 3877 medicam,
865 3795 927 3854 aut
960 3781 1216 3882 chirurgicam,
1257 3785 1413 3886 cujusvis

303 3901 386 3974 licet
409 3899 606 3974 scholastici
634 3902 788 3974 muneris
814 3917 994 4002 expertes,
1025 3897 1242 3978 factitabant
1267 3947 1320 3962 ·-
1345 3907 1413 3978 Ce-

305 4019 504 4093 labritntem
520 4017 661 4094 scholae
677 4021 834 4095 medicae
860 4023 1074 4098 Bononiensi
1099 4025 1262 4126 inprimis
1288 4026 1417 4100 adtulit

304 4139 517 4211 Turonasus
542 4139 797 4235 monnorrus,
831 4143 1066 4216 communiter
1090 4143 1335 4218 Fnonenrmus
1362 4143 1415 4217 di·

302 4270 403 4351 etus,
427 4259 488 4357 qui
505 4257 604 4358 quasi
621 4257 815 4332 medicinae
832 4273 1044 4335 restaurator
1060 4275 1174 4336 aetate
1190 4261 1251 4334 illa
1267 4259 1407 4336 habitus

301 4387 376 4468 est,
411 4375 560 4476 ideoque
595 4375 702 4448 etiam
735 4375 910 4450 secundus
936 4375 1091 4452 Galenus
1127 4375 1413 4480 compellabatur.

300 4493 437 4570 Docere
462 4493 579 4597 coepit
595 4493 687 4569 enea
705 4520 837 4572 armum
860 4495 969 4598 1260,
985 4512 1046 4574 aut
1062 4523 1137 4575 uon
1153 4497 1268 4577 multo
1284 4498 1414 4595 serius,
