3252 5166
350 341 417 438 178

341 457 444 556 pisan
468 456 558 528 suris
583 449 820 556 adponuntur.
843 454 910 528 Die
937 453 993 526 23.
1027 455 1190 530 levam
1224 454 1313 530 adeo
1342 455 1460 530 lucu-

339 571 496 667 lentum,
522 588 563 644 ut
587 573 753 642 seminam
771 597 893 644 sanam
910 569 1125 642 credidisses.
1142 571 1208 640 Die
1226 569 1283 662 ads
1306 575 1459 670 praevia

340 687 577 793 ler'gsotlrymic¹
592 703 792 762 menstruus
816 703 998 786 comparet
1021 685 1146 758 lluxus.
1171 685 1375 760 Abstinetur
1403 691 1458 760 ab

338 809 441 911 Opio.
466 809 532 882 Die
558 805 616 880 25.
640 803 851 904 cephalam,
874 803 1029 900 vertigo,
1047 796 1174 898 globus
1189 799 1386 902 hystericus
1400 809 1461 877 ad

333 941 483 1024 grente,-
517 922 727 1020 smtrgw'ia.
759 921 828 992 Die
860 915 919 996 26.
953 943 974 990 a
1011 915 1202 990 fluentibus
1242 923 1450 992 catameniis

337 1043 503 1120 noubilia
527 1041 706 1142 euphoria.
730 1038 797 1112 Die
815 1061 872 1138 27.
889 1061 1049 1108 accessus
1066 1033 1218 1132 febrilis,
1232 1035 1453 1129 custodium,-

337 1159 438 1236 alrus
454 1159 646 1234 torminosa
659 1211 670 1252 ,
685 1152 932 1228 tenesmoidea.
948 1151 1014 1226 Die
1038 1153 1096 1224 28.
1118 1151 1209 1224 uteri
1231 1149 1451 1228 stillicidium

336 1291 521 1372 exactum,
544 1287 701 1348 recentes
725 1270 875 1344 insultus
900 1271 1082 1344 mactatis
1106 1265 1355 1366 suffocativae3
1370 1297 1451 1370 pera

337 1392 505 1494 vigilium.
530 1391 623 1464 Huic
649 1400 930 1491 symptomatum
954 1402 1114 1461 catenae
1137 1386 1209 1460 lere
1229 1387 1450 1482 incredibili,

337 1537 379 1588 ac
403 1513 501 1587 omni
525 1509 584 1585 die
607 1509 777 1604 varianti,
807 1505 956 1608 posthac
990 1505 1059 1582 alia
1092 1531 1235 1610 quoque
1268 1533 1447 1582 successe-

156 1709 173 1740 ·
336 1643 440 1724 runt,
462 1628 642 1729 diplopris,
651 1623 768 1722 stenar
792 1624 1069 1714 musonianus,
1091 1621 1334 1726 hyperlroplria
1343 1677 1359 1717 ,
1383 1651 1447 1698 seu

336 1745 416 1820 talis
442 1747 625 1819 universae
650 1743 740 1816 cutis
764 1741 994 1837 sensibilitas,
1016 1755 1058 1816 nt
1086 1767 1108 1814 a
1137 1741 1314 1818 levissimo
1339 1745 1446 1816 etiam

335 1859 479 1934 adtactu
504 1859 659 1958 doleret,
688 1859 919 1959 gastrodyra'c
928 1907 944 1947 ,
976 1863 1165 1933 namatio
1174 1908 1191 1950 ,
1224 1885 1266 1934 ac
1300 1860 1445 1934 tandem

335 2001 419 2054 vcra
443 1979 599 2053 melaena
609 2027 625 2072 ,
640 1980 795 2055 vomitus
812 1991 935 2079 utpote
955 1975 1133 2076 sanguinis
1157 1978 1247 2076 nigri
1271 1979 1445 2078 gumesi,

333 2093 405 2170 bile
430 2109 467 2170 et
490 2095 632 2195 ingestis
657 2097 848 2168 commixti.
873 2095 971 2168 Inter
997 2093 1171 2196 ejusmodi
1205 2094 1370 2200 lugubres
1403 2111 1442 2170 et

164 2255 169 2262 ·
333 2209 549 2312 lacrymosas
573 2211 767 2310 tragoedias
790 2211 1026 2312 proteisormis
1050 2211 1111 2286 illa
1135 2211 1253 2288 clades
1268 2215 1442 2316 usquead

337 2339 370 2428 72
397 2327 514 2404 Martii
539 2325 768 2424 excurrebat,
803 2351 874 2429 qua
908 2327 967 2402 die
997 2355 1100 2428 aegra
1135 2329 1284 2405 domum
1318 2334 1443 2434 petiit,

333 2443 448 2521 levata
472 2443 637 2548 quidem,
660 2444 724 2520 sed
747 2469 821 2520 non
844 2460 975 2520 sanata
998 2446 1156 2524 Plurima
1180 2449 1335 2524 remedia
1358 2475 1440 2524 ner·

172 2647 178 2662 ,
330 2564 415 2638 vina
439 2577 476 2637 et
499 2564 723 2664 antispastica
758 2561 955 2664 periclitata
991 2563 1111 2662 luere,
1145 2565 1286 2640 nullum
1320 2581 1440 2640 tamen

332 2683 446 2758 turbis
470 2683 656 2786 hystericis
680 2685 790 2784 magis
814 2683 983 2758 idoneum
1006 2683 1189 2782 vidimus,
1216 2711 1325 2786 quam
1348 2687 1437 2759 mix·

332 2814 450 2876 turam
474 2825 517 2875 ex
540 2801 610 2876 Asa
634 2799 766 2876 foetida
790 2815 827 2876 et
864 2799 1021 2875 Castorei
1056 2801 1208 2876 tinctura
1239 2799 1437 2876 conflatam

331 2918 615 2994 Haematemesin
639 2917 828 2994 decoctum
852 2915 985 2994 Cliinae
1002 2943 1085 2993 cum
1101 2917 1234 2994 clixirio
1254 2919 1437 3020 anglicano

330 3036 538 3139 propediem
561 3038 736 3138 repressit.
1141 3116 1148 3126 ,

380 3153 672 3232 Inflammationis
697 3155 918 3232 catarrhosae
943 3153 1141 3256 neglectae,
1169 3154 1257 3232 dum
1281 3155 1438 3232 adversis

330 3272 455 3348 avibm
479 3273 657 3372 decurrit,
693 3275 908 3349 eminentem
940 3274 1059 3348 nuum
1090 3273 1128 3346 in
1163 3273 1436 3350 exulcerationes

329 3387 414 3462 mali
437 3391 546 3465 moris
570 3391 778 3466 confirmare
802 3393 894 3492 juvit
917 3416 1018 3464 casus
1048 3395 1200 3489 angitiae
1228 3388 1438 3480 cluniacae,

328 3507 367 3580 in
388 3507 466 3582 viro
490 3509 788 3609 quinquagenario
804 3507 1018 3586 observatus.
1032 3509 1155 3595 Ἕλκος
1177 3505 1350 3606 κακοήθης
1365 3535 1437 3582 me·

328 3621 495 3698 dietatem
519 3621 629 3726 palati
652 3623 769 3700 mollia
793 3630 937 3728 jamjam
962 3625 1087 3722 erosit,
1112 3623 1328 3728 rivulamque
1353 3652 1436 3700 eum

327 3741 366 3818 in
390 3739 538 3815 modum
570 3739 768 3838 destruxit,
800 3755 842 3816 ut
873 3739 1055 3816 residuum
1088 3729 1304 3841 frustulum,
1336 3743 1434 3845 quod

326 3857 424 3934 omrai
449 3871 631 3934 momento
664 3859 703 3932 in
736 3857 854 3934 fauces
893 3858 1009 3936 delabi
1045 3859 1267 3958 minabatur,
1303 3861 1435 3936 lorbice

326 3973 525 4049 rescindere
559 3976 774 4052 conveniret
803 3977 896 4052 Cum
929 4001 1032 4079 aeger
1065 3977 1225 4078 religiose
1255 3981 1435 4054 consessus

262 4153 266 4158 .
324 4105 436 4188 esset,
458 4117 497 4168 se
521 4115 706 4195 nunquam
729 4117 881 4170 venereo
896 4095 974 4170 viro
990 4093 1162 4176 iniectum
1178 4096 1302 4194 luisse,
1317 4097 1434 4173 nulla-

324 4233 395 4310 que
418 4211 516 4310 signa
541 4209 714 4312 ejusmodi
739 4217 980 4315 conjecturam
1003 4212 1230 4292 corroborare
1260 4215 1435 4316 valerent,

323 4325 435 4408 immo
451 4327 582 4428 arigius
593 4325 750 4426 cunctis,
765 4349 856 4432 quae
872 4327 1109 4407 colendorum
1125 4333 1434 4429 inflammationem

324 4436 566 4564 distinguunt,
589 4435 885 4551 symptomatibus
909 4447 1115 4554 stiparetur,
1143 4451 1176 4526 ei
1207 4453 1349 4551 genesin
1373 4453 1431 4528 ul
