3228 5166
1250 313 1293 388 tr

189 457 280 532 quae
304 433 474 506 eximium
505 431 613 533 hujus
642 415 870 508 Enormontie
901 433 1087 533 imperium
1109 432 1208 535 apud
1236 459 1304 509 nos

188 553 441 628 demonstrant.
459 555 646 653 Procyone
671 551 811 624 furente
833 551 1004 627 terribiles
1019 569 1207 630 coruscant
1223 577 1302 656 pro·

188 669 315 769 cellae,
339 697 431 772 quae
456 671 494 742 in
519 683 614 743 utros
639 667 830 743 dissolutae
854 669 1004 774 imbres,
1028 697 1197 770 aquarum
1224 699 1301 748 mo

188 785 262 860 lem
285 787 477 889 derepente
502 801 650 888 augent,
674 799 730 862 ast
753 811 834 867 raro
865 800 1005 864 tantum
1036 788 1212 870 funestam
1243 816 1303 892 pa*

189 907 287 984 tiunt
324 903 558 1006 grandinem,
598 907 753 1009 spinatae
788 908 915 1008 segetis
950 905 1178 1008 florentisque
1218 911 1300 984 vitis

189 1023 403 1118 deletricem.
437 1022 615 1100 Arborum
656 1024 838 1126 copiosae,
879 1025 1130 1127 ordinatasque
1169 1027 1304 1126 series,

189 1147 303 1246 juxta,
321 1169 485 1244 agrorum
509 1145 684 1244 margines
713 1157 750 1219 et
780 1145 890 1218 fossas
914 1144 1058 1241 cultae,
1082 1171 1124 1225 ac
1157 1171 1304 1224 nemora

191 1262 307 1338 Ticini
342 1263 388 1336 ad
422 1263 515 1364 ripas
539 1263 727 1337 inundates
765 1277 891 1364 sponte
927 1265 1183 1362 germinantia,
1212 1289 1303 1365 quas

189 1379 388 1456 umbriferis
405 1383 515 1456 comis
540 1409 615 1456 sese
640 1381 829 1479 extollunt,
843 1383 994 1483 ignitum
1019 1382 1180 1458 fomitem
1196 1385 1301 1462 arido

188 1524 251 1574 ore
275 1497 498 1576 absorbendo
522 1498 674 1578 nubium
709 1498 952 1574 nimbcsarum
980 1499 1175 1601 explosioni
1205 1500 1304 1578 baud

188 1641 317 1717 pamm
341 1615 606 1714 obsecundare,
631 1617 809 1715 grandinis
834 1632 957 1691 contra
982 1620 1099 1716 genesi
1134 1617 1303 1702 crebriori

190 1736 381 1835 conspicua
406 1735 480 1834 agri
504 1735 616 1808 nostri
642 1733 806 1812 distantia
831 1734 876 1808 ab
900 1734 1044 1835 Alpium
1060 1735 1171 1837 jugis,
1195 1735 1303 1808 suetis

192 1863 444 1952 tempestatum
476 1849 684 1948 cunabulis,
718 1849 859 1935 obstare
891 1851 1067 1928 videntur.
1091 1895 1142 1916 -—
1167 1853 1304 1930 Occasu

194 1981 276 2068 post
300 1967 454 2043 fervidos
479 1967 554 2042 dies
578 1967 672 2066 sole,
696 1969 762 2044 etei
786 1970 824 2044 in
848 1969 978 2044 Zenitlr
1009 1970 1191 2046 stellarum
1219 1997 1302 2073 mys

190 2083 345 2160 riadibus
371 2085 483 2183 ruteat
507 2085 630 2160 dirum
654 2111 835 2184 aerenum,
860 2087 1052 2164 horizontis
1080 2087 1129 2164 ad
1151 2086 1302 2169 liruburr's

189 2217 393 2282 constanter
425 2205 558 2308 absque
593 2208 726 2282 tonitru
753 2207 925 2310 llrlgmm,
955 2209 1112 2312 fatuique
1136 2209 1233 2312 ignes
1263 2209 1302 2294 iu

188 2321 262 2398 alto
286 2324 446 2398 succensi
472 2325 694 2427 trajiciuntur
717 2323 851 2400 crebro.

237 2439 319 2516 Non
353 2442 471 2514 minus
505 2441 685 2532 evidentes
725 2441 869 2525 effectu
910 2443 1078 2526 terrslonis
1114 2439 1300 2516 electrices

188 2563 307 2635 canos
332 2561 461 2662 gradus
485 2562 523 2634 in
548 2562 632 2662 ipsis
656 2560 866 2638 animalibus
890 2563 1068 2638 concitare
1092 2561 1300 2636 consuescit

187 2679 338 2758 Aestivis
364 2677 513 2776 diebus,
536 2693 574 2753 et
597 2679 741 2782 quidem
765 2681 918 2764 maxime
948 2680 1156 2780 rmpcrtmis
1180 2679 1302 2776 horis,

188 2813 421 2876 corrunrente
453 2797 559 2872 amul
589 2800 678 2882 atris
712 2799 884 2894 malacia,
918 2805 1023 2898 atque
1054 2823 1183 2900 saepe,
1212 2801 1301 2900 quin

188 2921 405 3020 tempestatis
429 2931 618 3020 erupturae
647 2919 776 2994 indicia
810 2921 1025 3021 adpareant,
1058 2919 1296 3022 inexplicabili

187 3033 355 3136 languore
380 3061 507 3136 corpus
532 3037 769 3138 opprimitur,
792 3061 834 3118 ac
858 3034 1073 3113 intolerabili·
1095 3035 1221 3112 caloris
1246 3039 1301 3114 in«

188 3154 280 3228 terni
297 3165 333 3226 et
357 3151 570 3252 dyspboriae
591 3151 776 3253 singularis
798 3179 904 3229 sensu
921 3155 1075 3258 angitur,
1098 3155 1175 3256 ipsa
1190 3153 1300 3230 tete.

188 3285 284 3348 tatur
311 3271 441 3370 ingenii
476 3271 589 3369 acies,
619 3285 736 3374 torpet
766 3271 875 3347 homo
903 3272 1045 3374 ineptus
1075 3271 1300 3370 adomnia,

186 3391 350 3494 quamvis
375 3417 458 3465 cum
483 3390 665 3466 voluntate
689 3405 726 3466 et
749 3391 931 3494 proposito
955 3391 1002 3468 ad
1026 3416 1116 3494 opus
1132 3389 1298 3490 esculat,

186 3505 469 3584 marrilestissima
492 3535 557 3611 per
581 3523 693 3614 totam
717 3509 873 3611 corporis
898 3507 1135 3612 peripheriam
1152 3519 1301 3586 emaum

185 3632 237 3704 tio
263 3639 383 3729 aperte
407 3625 539 3702 indicat
563 3625 760 3702 volatilium
784 3640 821 3702 et
845 3627 1117 3729 expausivorum
1141 3625 1298 3704 elemen-
1383 3715 1385 3720 ,

186 3762 312 3824 torum.
328 3747 366 3820 in
383 3745 621 3848 penetralibus
637 3745 908 3824 redundantiam
924 3760 961 3821 et
977 3747 1299 3844 coacervationem,

184 3871 243 3946 cui
267 3865 478 3942 minuendae
502 3867 617 3970 impar
641 3881 695 3942 est
718 3867 964 3969 atmosphaera
989 3865 1118 3968 vapida
1147 3879 1185 3940 et
1208 3865 1297 3940 elec*

183 3987 274 4062 trieu
308 3983 482 4086 principio
522 3999 680 4081 onusta,
720 3985 871 4086 ideoque
907 3985 1025 4058 minus
1054 3983 1186 4058 bibula
1223 3981 1298 4058 Sub

182 4103 357 4204 ejusmodi
373 4101 462 4177 coeli
478 4117 573 4178 statu
598 4103 750 4176 viridius
769 4101 890 4178 lucent
904 4100 1138 4205 lampyridas,
1154 4099 1297 4182 cicadae

181 4245 332 4295 canorae
357 4221 481 4294 laetius
507 4221 681 4321 garriunt,
706 4235 811 4323 atque
836 4246 1002 4296 ranarum
1027 4245 1146 4320 greges
1171 4217 1296 4296 limosa

181 4343 229 4418 ab
253 4341 338 4418 ulva
363 4343 482 4418 educti
514 4343 637 4444 priscis
669 4343 837 4418 conviciis
862 4342 1001 4445 replent
1025 4367 1151 4438 auras,
1185 4339 1296 4416 veluti

182 4459 443 4564 implacabilem
454 4475 640 4564 querentes
657 4475 802 4539 aestum
818 4462 915 4540 Dum
932 4485 1016 4537 vcro
1038 4459 1207 4561 igniferae
1231 4487 1296 4537 rru-

235 4581 422 4657 llnner'sa.
448 4579 545 4658 Amr.
574 4581 663 4656 Clio.
690 4581 723 4658 I.
1071 4578 1096 4655 6
