3264 5194
8 1214 56 1502 *aeses4÷;aejzz-
6 1116 55 1200 ...ἑὲ
7 1013 56 1101 ...ιε’-ἱ,
7 920 52 991 ἴξιν
11 576 57 907 '‘-13-‘1‘5'332'335²v·.*'·.²22¹.²'‘¹.“}

3 2351 5 2360 “
3 2327 20 2336 '-
2 2107 30 2316 ’ΐῗζῩῖ-Ῥὲῑ
2 1797 33 2086 ζ’ῑέὶὲςέῑὲςγ
2 1653 29 1786 Ῥ-ἳζέἵ
4 1548 31 1637 ὁάὀ·

34 2277 37 2283 ,
28 2213 35 2244 Δ·
29 2172 32 2176 -
28 2059 36 2108 -⁴e
29 2013 36 2025 a
27 1839 41 1954 <„.;*.⁴
30 1787 39 1802 -.
27 1678 36 1735 πν-
35 1547 37 1554 a

27 1345 71 2337 v2«112e⁷2÷2»2:ss22222322..‡.1·52e-:2-2„aa
52 1305 64 1317 .-
52 1265 60 1272 .

501 453 504 461 .
1222 385 1291 490 137

190 508 291 582 Hanc
315 505 363 584 ¹ob
388 509 562 584 rationem
588 505 705 607 minor
727 529 869 608 quoque
885 521 961 584 erat
976 505 1296 610 phlebotomiam

189 629 384 704 tolerantia.
408 630 528 726 Longe
553 625 697 729 quidem
721 626 825 700 alieni
848 647 1112 728 sumus,‘quom
1128 641 1168 700 ut
1192 651 1297 727 quae-

188 748 242 820 ris
265 745 446 847 praeludia
470 757 582 818 status
606 743 745 818 nervosi
769 740 954 817 confestim
977 769 1044 844 pro
1063 769 1165 816 verae
1183 744 1297 817 asthe-

189 864 270 938 niae
295 861 422 936 effectu
446 859 685 956 declaremus3
712 857 759 934 ad
782 883 861 932 eam
884 860 1002 960 potius
1027 859 1192 961 propensi
1216 883 1297 931 sen-

189 981 360 1074 tentiam,
383 977 497 1052 multu
521 975 676 1050 crebrius
700 977 841 1052 nonnisi
865 975 1086 1052 debilitatem
1112 999 1299 1050 nervosam

189 1097 348 1196 spuriam
384 1094 559 1192 subesse,
599 1119 620 1168 e
661 1095 856 1195 suppressis
893 1092 1099 1168 efficientiae
1136 1093 1298 1168 neuricae

190 1211 425 1288 reactionibus
454 1212 671 1309 oriundam,
706 1237 823 1312 quae,
855 1213 887 1286 si
917 1211 1223 1314 praetervidetur,
1251 1211 1298 1286 ad

190 1341 384 1406 erroneum
404 1330 618 1406 conduceret
646 1329 812 1404 medendi
848 1331 1029 1404 rationem.
1066 1331 1117 1404 Re
1153 1331 1299 1432 quidem
1374 1368 1377 1376 ·

190 1475 277 1532 vera¹
306 1459 529 1550 praematuro
562 1462 599 1522 et
626 1447 828 1522 inconsulto
857 1447 1113 1522 stimulantium
1147 1473 1213 1522 usu
1248 1448 1300 1524 nil

189 1591 273 1638 sane
297 1564 525 1665 perniciosius
548 1565 587 1638 in
611 1564 720 1665 praxi.
744 1561 865 1638 Nihilo
888 1575 1008 1638 tamen
1023 1566 1136 1638 secius
1152 1565 1219 1640 sub
1235 1567 1300 1638 im·

189 1684 346 1756 minente
369 1681 542 1784 ejusmodi
566 1679 719 1754 febrium
739 1678 915 1754 diadoche
939 1707 1077 1758 summa
1110 1683 1299 1782 requiritur

188 1799 476 1898 circumspectio,
495 1823 542 1890 ne
560 1801 653 1898 justo
678 1797 888 1897 generosiori
912 1798 1089 1898 sanguinis
1113 1799 1299 1874 emissione

190 1941 274 1992 vera
298 1915 487 1988 inducatur
510 1911 683 1987 debilitas.

238 2030 312 2104 Sub
336 2030 399 2104 tali
424 2055 542 2104 rerum
566 2041 688 2125 statu,
711 2027 876 2106 videlicet
898 2027 1094 2105 charactere
1128 2055 1299 2127 mrvoso,

189 2162 231 2222 ut
264 2149 444 2224 communi
474 2160 594 2222 nostra
623 2157 766 2222 ummur
796 2145 946 2248 phrasi,
966 2149 1077 2249 foras
1109 2151 1298 2252 pulsante,

188 2265 443 2366 camphoram,
465 2267 672 2362 vesicantia,
687 2279 725 2342 et
739 2267 1018 2369 psychrolusiam
1036 2297 1101 2370 pro
1117 2269 1297 2371 palmariis

63 2386 65 2388 ’
188 2383 407 2483 agnoscimus
431 2382 633 2484 praesidiis,
656 2382 757 2460 nullo
780 2383 849 2460 alio
873 2385 1089 2486 supplendis.
1112 2427 1164 2444 -
1190 2386 1295 2460 Carn-

3 2493 22 2606 {3
183 2498 300 2602 phora
322 2503 439 2576 nervis
463 2502 606 2600 amice,
628 2501 703 2578 eive
727 2501 884 2576 refractis
913 2503 1055 2578 dosibus
1091 2503 1297 2584 exhibeatur

187 2621 352 2718 interne,
385 2622 459 2694 sive
493 2645 599 2694 aurae
633 2618 701 2694 sub
732 2619 846 2696 forma
880 2647 944 2722 per
977 2623 1224 2720 inorganioos,
1257 2637 1298 2696 ut

4 2723 6 2730 ¹
188 2744 313 2839 ajunt,
336 2765 462 2840 poros,
485 2737 712 2840 languentem
735 2738 860 2814 subeat
883 2739 1147 2838 organismum,
1181 2754 1295 2840 syste-

4 2851 24 2957 ᾖ
38 2877 69 2958 71..
188 2857 276 2930 mati
299 2881 450 2930 nervoso
475 2857 563 2929 mira
587 2857 723 2930 ratione
751 2853 999 2951 lenocinetur,
1022 2859 1097 2956 ejus
1122 2857 1298 2956 energiam
1349 2916 1354 2940 ,.

187 2971 346 3046 modeste
370 2972 491 3067 uouit,
515 2972 602 3074 quiin
626 2995 793 3078 vasorum
806 2971 1077 3046 irritabilitetem
1092 2971 1298 3069 extimulat,

189 3103 296 3189 atque
317 3090 490 3191 principio
515 3090 733 3192 expansiro,
755 3115 828 3191 quo
850 3103 987 3187 scatet,
1011 3090 1131 3164 nisum
1155 3117 1296 3166 emana-
1417 3114 1423 3126 ’

190 3207 349 3304 torium,
384 3207 459 3280 sive
484 3220 621 3282 motum
657 3209 863 3308 organicum
897 3207 1134 3308 centrilugum
1167 3207 1297 3285 blande

5 3317 72 3426 ..33
188 3321 379 3420 sollicitat,
402 3337 438 3396 et
463 3321 524 3396 tali
549 3329 654 3426 pacto
678 3322 911 3398 desideratam
936 3323 1113 3425 diapnoilu
1142 3325 1221 3398 ciet.
1245 3365 1306 3384 ---1

191 3439 395 3514 Vesicantia
419 3440 586 3514 vicariam
608 3439 648 3512 in
671 3453 773 3536 cute,
788 3465 879 3540 quae
896 3439 1139 3514 catarrhorum
1155 3454 1306 3514 suetum.

6 3659 7 3662 Ἴ
187 3559 280 3632 sistit
303 3558 459 3653 atrium,
483 3558 663 3632 concitant
685 3558 888 3654 actionem,
913 3581 955 3630 ac
984 3556 1181 3658 secundum
1204 3555 1298 3657 leges

187 3677 400 3753 antitheseos
423 3677 463 3750 in
487 3677 687 3778 organismo
711 3675 860 3776 vigentis
884 3689 1005 3750 centra
1030 3673 1190 3749 officinae
1224 3677 1299 3749 ani·

188 3795 289 3870 malis
313 3793 523 3891 sublevant,
546 3793 633 3868 dum
657 3793 895 3895 periphericos
919 3815 1111 3868 nervorum
1135 3805 1172 3866 et
1194 3816 1298 3867 vaso·
1341 3855 1346 3864 .

7 3916 32 3996 *ἡ
56 3915 76 4012 ’ἐξ
188 3937 269 3986 rum
293 3913 379 3986 fines
403 3911 588 3986 huessant
611 3953 663 3968 -
686 3909 843 3984 caeam
867 3909 1012 3984 demum
1023 3907 1164 4009 fugalia
1188 3921 1299 4010 syste-

7 4047 44 4114 ’,Ι
189 4031 293 4104 matis
315 4031 497 4106 dermatici
521 4027 743 4131 polaritatem
767 4028 970 4125 invertunt,
992 4051 1034 4102 ea
1058 4025 1223 4102 videlicet
1246 4051 1299 4098 ra·

55 4141 76 4248 ξ
190 4151 302 4246 tione,
317 4175 386 4250 qua
411 4163 528 4224 cutem
544 4147 696 4246 aridam,
711 4143 1296 4242 cohibentem,etidioelectricam

8 4248 76 4368 ¹¹33
188 4267 226 4340 in
249 4267 470 4366 superficiem
494 4264 695 4362 madidam,
719 4263 1004 4360 conducentem,
1033 4276 1070 4336 et
1104 4263 1297 4364 symperie-

8 4403 31 4484 ’
187 4381 366 4460 lectricem
390 4398 624 4485 convertunt,
653 4386 888 4485 interceptum
921 4379 1168 4484 aequilibrium
1206 4380 1299 4456 inter

8 4480 21 4562 ³s
62 4505 67 4577 f
189 4501 362 4579 elementa
385 4517 421 4578 et
444 4503 616 4608 principia
650 4499 875 4578 subtilissima
912 4499 1069 4604 corporis
1100 4512 1137 4578 et
1172 4497 1299 4576 muudi
