<?xml version="1.0" encoding="UTF-8"?>
<!DOCTYPE html PUBLIC "-//W3C//DTD XHTML 1.0 Transitional//EN"
    "http://www.w3.org/TR/xhtml1/DTD/xhtml1-transitional.dtd">
<html xmlns="http://www.w3.org/1999/xhtml" xml:lang="en" lang="en">
 <head>
  <title>
</title>
<meta http-equiv="Content-Type" content="text/html;charset=utf-8" />
  <meta name='ocr-system' content='tesseract 3.04.00' />
  <meta name='ocr-capabilities' content='ocr_page ocr_carea ocr_par ocr_line ocrx_word'/>
</head>
<body>
  <div class='ocr_page' id='page_1' title='image "./annalesscholaec00hildgoog_0135.png"; bbox 0 0 3264 5194; ppageno 0'>
   <div class='ocr_carea' id='block_1_1' title="bbox 230 351 1344 808">
    <p class='ocr_par' dir='ltr' id='par_1_1' title="bbox 230 351 1344 808">
     <span class='ocr_line' id='line_1_1' title="bbox 1272 351 1340 430; baseline 0.059 -5"><span class='ocrx_word' id='word_1_1' title='bbox 1272 351 1340 430; x_wconf 82' lang='lat'><strong>113</strong></span> 
     </span>
     <span class='ocr_line' id='line_1_2' title="bbox 233 461 1344 579; baseline -0.001 -33"><span class='ocrx_word' id='word_1_2' title='bbox 233 474 396 550; x_wconf 72' lang='lat' dir='ltr'><strong>infelices</strong></span> <span class='ocrx_word' id='word_1_3' title='bbox 418 461 506 549; x_wconf 57' lang='lat' dir='ltr'><strong>&#39;tota</strong></span> <span class='ocrx_word' id='word_1_4' title='bbox 539 473 597 548; x_wconf 83' lang='lat' dir='ltr'><strong>die</strong></span> <span class='ocrx_word' id='word_1_5' title='bbox 627 473 716 546; x_wconf 83' lang='lat' dir='ltr'><strong>u&#39;e&#39;ris</strong></span> <span class='ocrx_word' id='word_1_6' title='bbox 746 471 880 574; x_wconf 84' lang='lat' dir='ltr'><strong>injuriis</strong></span> <span class='ocrx_word' id='word_1_7' title='bbox 917 473 1064 574; x_wconf 86' lang='lat' dir='ltr'><strong>expositi</strong></span> <span class='ocrx_word' id='word_1_8' title='bbox 1090 497 1173 579; x_wconf 84' lang='lat' dir='ltr'><strong>mox</strong></span> <span class='ocrx_word' id='word_1_9' title='bbox 1197 471 1344 548; x_wconf 86' lang='lat' dir='ltr'><strong>madent</strong></span> 
     </span>
     <span class='ocr_line' id='line_1_3' title="bbox 230 591 1344 690; baseline -0.002 -22"><span class='ocrx_word' id='word_1_10' title='bbox 230 594 438 690; x_wconf 84' lang='lat' dir='ltr'><strong>imbribus,</strong></span> <span class='ocrx_word' id='word_1_11' title='bbox 483 618 567 666; x_wconf 87' lang='lat' dir='ltr'><strong>mox</strong></span> <span class='ocrx_word' id='word_1_12' title='bbox 600 593 715 666; x_wconf 73' lang='lat' dir='ltr'><strong>venus</strong></span> <span class='ocrx_word' id='word_1_13' title='bbox 753 604 943 686; x_wconf 89' lang='lat' dir='ltr'><strong>arescunt,</strong></span> <span class='ocrx_word' id='word_1_14' title='bbox 971 617 1055 665; x_wconf 87' lang='lat' dir='ltr'><strong>mox</strong></span> <span class='ocrx_word' id='word_1_15' title='bbox 1083 591 1173 666; x_wconf 89' lang='lat' dir='ltr'><strong>Solis</strong></span> <span class='ocrx_word' id='word_1_16' title='bbox 1205 592 1344 666; x_wconf 80' lang='lat' dir='ltr'><strong>fervore</strong></span> 
     </span>
     <span class='ocr_line' id='line_1_4' title="bbox 230 708 1343 808; baseline -0.004 -22"><span class='ocrx_word' id='word_1_17' title='bbox 230 713 451 808; x_wconf 75' lang='lat' dir='ltr'><strong>aduruntur,</strong></span> <span class='ocrx_word' id='word_1_18' title='bbox 475 712 549 784; x_wconf 88' lang='lat' dir='ltr'><strong>sive</strong></span> <span class='ocrx_word' id='word_1_19' title='bbox 574 723 735 783; x_wconf 79' lang='lat' dir='ltr'>tenacem</span> <span class='ocrx_word' id='word_1_20' title='bbox 760 723 891 782; x_wconf 88' lang='lat' dir='ltr'><strong>terram</strong></span> <span class='ocrx_word' id='word_1_21' title='bbox 915 721 1037 806; x_wconf 85' lang='lat' dir='ltr'><strong>arent,</strong></span> <span class='ocrx_word' id='word_1_22' title='bbox 1060 723 1122 782; x_wconf 86' lang='lat' dir='ltr'><strong>eut</strong></span> <span class='ocrx_word' id='word_1_23' title='bbox 1146 709 1241 807; x_wconf 83' lang='lat' dir='ltr'><strong>gravi</strong></span> <span class='ocrx_word' id='word_1_24' title='bbox 1254 708 1343 808; x_wconf 91' lang='lat' dir='ltr'><strong>ligo·</strong></span> 
     </span>
    </p>
   </div>
   <div class='ocr_carea' id='block_1_2' title="bbox 126 826 1470 931">
    <p class='ocr_par' dir='ltr' id='par_1_2' title="bbox 126 826 1470 931">
     <span class='ocr_line' id='line_1_5' title="bbox 126 826 1470 931; baseline -0.007 -22"><span class='ocrx_word' id='word_1_25' title='bbox 126 903 130 910; x_wconf 90' lang='lat'><em>.</em></span> <span class='ocrx_word' id='word_1_26' title='bbox 230 860 277 906; x_wconf 90' lang='lat' dir='ltr'><strong>ne</strong></span> <span class='ocrx_word' id='word_1_27' title='bbox 310 833 496 931; x_wconf 75' lang='lat' dir='ltr'><strong>subigant,</strong></span> <span class='ocrx_word' id='word_1_28' title='bbox 520 831 594 904; x_wconf 88' lang='lat' dir='ltr'><strong>sive</strong></span> <span class='ocrx_word' id='word_1_29' title='bbox 628 829 823 924; x_wconf 80' lang='lat' dir='ltr'>seminent,</span> <span class='ocrx_word' id='word_1_30' title='bbox 855 827 930 904; x_wconf 89' lang='lat' dir='ltr'><strong>sive</strong></span> <span class='ocrx_word' id='word_1_31' title='bbox 958 826 1184 902; x_wconf 78' lang='lat' dir='ltr'><strong>nascentibus</strong></span> <span class='ocrx_word' id='word_1_32' title='bbox 1217 827 1343 900; x_wconf 89' lang='lat' dir='ltr'><strong>culmis</strong></span> <span class='ocrx_word' id='word_1_33' title='bbox 1462 897 1470 917; x_wconf 68' lang='grc'>,</span> 
     </span>
    </p>
   </div>
   <div class='ocr_carea' id='block_1_3' title="bbox 229 945 1344 1750">
    <p class='ocr_par' dir='ltr' id='par_1_3' title="bbox 229 945 1344 1750">
     <span class='ocr_line' id='line_1_6' title="bbox 229 945 1344 1047; baseline -0.004 -23"><span class='ocrx_word' id='word_1_34' title='bbox 229 952 429 1024; x_wconf 76' lang='lat' dir='ltr'><strong>immixtum</strong></span> <span class='ocrx_word' id='word_1_35' title='bbox 452 949 621 1022; x_wconf 79' lang='lat' dir='ltr'><strong>zizaniam</strong></span> <span class='ocrx_word' id='word_1_36' title='bbox 645 947 853 1042; x_wconf 77' lang='lat' dir='ltr'><strong>incurvato,</strong></span> <span class='ocrx_word' id='word_1_37' title='bbox 876 971 919 1020; x_wconf 87' lang='lat' dir='ltr'><strong>uc</strong></span> <span class='ocrx_word' id='word_1_38' title='bbox 942 945 1054 1022; x_wconf 84' lang='lat' dir='ltr'><strong>veluti</strong></span> <span class='ocrx_word' id='word_1_39' title='bbox 1084 960 1230 1047; x_wconf 89' lang='lat' dir='ltr'><strong>repente</strong></span> <span class='ocrx_word' id='word_1_40' title='bbox 1263 972 1344 1020; x_wconf 86' lang='lat' dir='ltr'><strong>cor·</strong></span> 
     </span>
     <span class='ocr_line' id='line_1_7' title="bbox 231 1061 1342 1166; baseline 0 -28"><span class='ocrx_word' id='word_1_41' title='bbox 231 1092 318 1166; x_wconf 91' lang='lat' dir='ltr'><strong>pore</strong></span> <span class='ocrx_word' id='word_1_42' title='bbox 343 1064 517 1161; x_wconf 82' lang='lat' dir='ltr'><strong>evellent,</strong></span> <span class='ocrx_word' id='word_1_43' title='bbox 541 1065 615 1138; x_wconf 87' lang='lat' dir='ltr'><strong>sive</strong></span> <span class='ocrx_word' id='word_1_44' title='bbox 629 1078 787 1140; x_wconf 86' lang='lat' dir='ltr'><strong>matures</strong></span> <span class='ocrx_word' id='word_1_45' title='bbox 800 1065 914 1164; x_wconf 82' lang='lat' dir='ltr'><strong>spicas</strong></span> <span class='ocrx_word' id='word_1_46' title='bbox 932 1061 1121 1163; x_wconf 88' lang='lat' dir='ltr'><strong>colligant,</strong></span> <span class='ocrx_word' id='word_1_47' title='bbox 1143 1079 1342 1164; x_wconf 87' lang='lat' dir='ltr'><strong>mergetes-</strong></span> 
     </span>
     <span class='ocr_line' id='line_1_8' title="bbox 232 1179 1343 1282; baseline -0.001 -26"><span class='ocrx_word' id='word_1_48' title='bbox 232 1207 304 1282; x_wconf 91' lang='lat' dir='ltr'><strong>que</strong></span> <span class='ocrx_word' id='word_1_49' title='bbox 338 1181 523 1280; x_wconf 91' lang='lat' dir='ltr'><strong>colligent,</strong></span> <span class='ocrx_word' id='word_1_50' title='bbox 556 1222 607 1238; x_wconf 92' lang='lat'><em>-</em></span> <span class='ocrx_word' id='word_1_51' title='bbox 636 1205 777 1280; x_wconf 89' lang='lat' dir='ltr'><strong>semper</strong></span> <span class='ocrx_word' id='word_1_52' title='bbox 811 1179 974 1254; x_wconf 84' lang='lat' dir='ltr'><strong>cruribus</strong></span> <span class='ocrx_word' id='word_1_53' title='bbox 1008 1179 1055 1256; x_wconf 81' lang='lat' dir='ltr'><strong>ad</strong></span> <span class='ocrx_word' id='word_1_54' title='bbox 1083 1203 1197 1280; x_wconf 89' lang='lat' dir='ltr'><strong>genua</strong></span> <span class='ocrx_word' id='word_1_55' title='bbox 1231 1205 1343 1280; x_wconf 85' lang='lat' dir='ltr'><strong>usque</strong></span> 
     </span>
     <span class='ocr_line' id='line_1_9' title="bbox 232 1295 1344 1398; baseline 0 -28"><span class='ocrx_word' id='word_1_56' title='bbox 232 1325 344 1398; x_wconf 83' lang='lat' dir='ltr'><strong>equae</strong></span> <span class='ocrx_word' id='word_1_57' title='bbox 380 1297 553 1372; x_wconf 83' lang='lat' dir='ltr'><strong>immersis</strong></span> <span class='ocrx_word' id='word_1_58' title='bbox 590 1297 629 1374; x_wconf 92' lang='lat' dir='ltr'><strong>id</strong></span> <span class='ocrx_word' id='word_1_59' title='bbox 661 1298 829 1398; x_wconf 86' lang='lat' dir='ltr'><strong>perficere</strong></span> <span class='ocrx_word' id='word_1_60' title='bbox 859 1295 1014 1393; x_wconf 88' lang='lat' dir='ltr'><strong>debent,</strong></span> <span class='ocrx_word' id='word_1_61' title='bbox 1046 1295 1344 1397; x_wconf 85' lang='lat' dir='ltr'><strong>ideoque-multo</strong></span> 
     </span>
     <span class='ocr_line' id='line_1_10' title="bbox 231 1413 1342 1515; baseline 0.002 -29"><span class='ocrx_word' id='word_1_62' title='bbox 231 1415 369 1489; x_wconf 78' lang='lat' dir='ltr'><strong>facilius</strong></span> <span class='ocrx_word' id='word_1_63' title='bbox 404 1415 670 1515; x_wconf 84' lang='lat' dir='ltr'><strong>atmosphaerue</strong></span> <span class='ocrx_word' id='word_1_64' title='bbox 707 1413 949 1488; x_wconf 81' lang='lat' dir='ltr'><strong>inclementias</strong></span> <span class='ocrx_word' id='word_1_65' title='bbox 984 1415 1221 1514; x_wconf 79' lang='lat' dir='ltr'><strong>experiuntur.</strong></span> <span class='ocrx_word' id='word_1_66' title='bbox 1251 1417 1342 1488; x_wconf 82' lang='lat' dir='ltr'><strong>Insi-</strong></span> 
     </span>
     <span class='ocr_line' id='line_1_11' title="bbox 230 1528 1343 1634; baseline 0.001 -29"><span class='ocrx_word' id='word_1_67' title='bbox 230 1559 336 1632; x_wconf 88' lang='lat' dir='ltr'><strong>gnem</strong></span> <span class='ocrx_word' id='word_1_68' title='bbox 369 1557 455 1608; x_wconf 82' lang='lat' dir='ltr'><strong>vero</strong></span> <span class='ocrx_word' id='word_1_69' title='bbox 489 1533 626 1607; x_wconf 89' lang='lat' dir='ltr'><strong>roboris</strong></span> <span class='ocrx_word' id='word_1_70' title='bbox 660 1537 832 1634; x_wconf 85' lang='lat' dir='ltr'><strong>jacturam</strong></span> <span class='ocrx_word' id='word_1_71' title='bbox 867 1533 978 1632; x_wconf 78' lang='lat' dir='ltr'>gignit</span> <span class='ocrx_word' id='word_1_72' title='bbox 1010 1530 1125 1614; x_wconf 78' lang='lat' dir='ltr'><strong>fatalis</strong></span> <span class='ocrx_word' id='word_1_73' title='bbox 1163 1528 1222 1606; x_wconf 90' lang='lat' dir='ltr'><strong>ille</strong></span> <span class='ocrx_word' id='word_1_74' title='bbox 1247 1533 1343 1632; x_wconf 88' lang='lat' dir='ltr'><strong>apud</strong></span> 
     </span>
     <span class='ocr_line' id='line_1_12' title="bbox 230 1648 1344 1750; baseline -0.004 -24"><span class='ocrx_word' id='word_1_75' title='bbox 230 1665 404 1726; x_wconf 78' lang='lat' dir='ltr'><strong>nostrates</strong></span> <span class='ocrx_word' id='word_1_76' title='bbox 428 1649 597 1749; x_wconf 87' lang='lat' dir='ltr'><strong>agricolas</strong></span> <span class='ocrx_word' id='word_1_77' title='bbox 621 1649 843 1728; x_wconf 88' lang='lat' dir='ltr'><strong>introductus</strong></span> <span class='ocrx_word' id='word_1_78' title='bbox 867 1673 967 1745; x_wconf 93' lang='lat' dir='ltr'><strong>mos,</strong></span> <span class='ocrx_word' id='word_1_79' title='bbox 1001 1648 1256 1750; x_wconf 87' lang='lat' dir='ltr'><strong>campestribus</strong></span> <span class='ocrx_word' id='word_1_80' title='bbox 1290 1649 1344 1722; x_wconf 85' lang='lat' dir='ltr'><strong>la-</strong></span> 
     </span>
    </p>
   </div>
   <div class='ocr_carea' id='block_1_4' title="bbox 230 1769 1484 1872">
    <p class='ocr_par' dir='ltr' id='par_1_4' title="bbox 230 1769 1484 1872">
     <span class='ocr_line' id='line_1_13' title="bbox 230 1769 1484 1872; baseline -0.002 -26"><span class='ocrx_word' id='word_1_81' title='bbox 230 1772 376 1846; x_wconf 82' lang='lat' dir='ltr'><strong>boribus</strong></span> <span class='ocrx_word' id='word_1_82' title='bbox 413 1773 489 1844; x_wconf 85' lang='lat' dir='ltr'><strong>sine</strong></span> <span class='ocrx_word' id='word_1_83' title='bbox 522 1769 666 1846; x_wconf 83' lang='lat' dir='ltr'><strong>inducia</strong></span> <span class='ocrx_word' id='word_1_84' title='bbox 701 1771 748 1846; x_wconf 89' lang='lat' dir='ltr'><strong>eb</strong></span> <span class='ocrx_word' id='word_1_85' title='bbox 780 1771 917 1848; x_wconf 84' lang='lat' dir='ltr'><strong>Aurora</strong></span> <span class='ocrx_word' id='word_1_86' title='bbox 952 1769 1206 1848; x_wconf 78' lang='lat' dir='ltr'><strong>adlabentem</strong></span> <span class='ocrx_word' id='word_1_87' title='bbox 1230 1798 1343 1872; x_wconf 88' lang='lat' dir='ltr'><strong>usque</strong></span> <span class='ocrx_word' id='word_1_88' title='bbox 1480 1835 1484 1845; x_wconf 93' lang='lat'><em>.</em></span> 
     </span>
    </p>
   </div>
   <div class='ocr_carea' id='block_1_5' title="bbox 229 1889 1348 2558">
    <p class='ocr_par' dir='ltr' id='par_1_5' title="bbox 229 1889 1348 2558">
     <span class='ocr_line' id='line_1_14' title="bbox 232 1889 1345 1992; baseline 0.002 -28"><span class='ocrx_word' id='word_1_89' title='bbox 232 1893 431 1992; x_wconf 73' lang='lat' dir='ltr'><strong>Hesperum</strong></span> <span class='ocrx_word' id='word_1_90' title='bbox 464 1889 674 1986; x_wconf 83' lang='lat' dir='ltr'><strong>insudandi,</strong></span> <span class='ocrx_word' id='word_1_91' title='bbox 706 1889 806 1964; x_wconf 84' lang='lat' dir='ltr'><strong>nulla</strong></span> <span class='ocrx_word' id='word_1_92' title='bbox 829 1892 936 1989; x_wconf 88' lang='lat' dir='ltr'><strong>igitur</strong></span> <span class='ocrx_word' id='word_1_93' title='bbox 958 1889 1144 1965; x_wconf 75' lang='lat' dir='ltr'><strong>meridiani</strong></span> <span class='ocrx_word' id='word_1_94' title='bbox 1169 1891 1258 1972; x_wconf 85' lang='lat' dir='ltr'><strong>Solis</strong></span> <span class='ocrx_word' id='word_1_95' title='bbox 1284 1919 1345 1966; x_wconf 75' lang='lat' dir='ltr'><strong>ru-</strong></span> 
     </span>
     <span class='ocr_line' id='line_1_15' title="bbox 231 2007 1343 2110; baseline 0.003 -29"><span class='ocrx_word' id='word_1_96' title='bbox 231 2009 327 2082; x_wconf 89' lang='lat' dir='ltr'><strong>tione</strong></span> <span class='ocrx_word' id='word_1_97' title='bbox 351 2007 494 2104; x_wconf 86' lang='lat' dir='ltr'><strong>habita,</strong></span> <span class='ocrx_word' id='word_1_98' title='bbox 518 2013 620 2110; x_wconf 87' lang='lat' dir='ltr'><strong>eujus</strong></span> <span class='ocrx_word' id='word_1_99' title='bbox 644 2007 855 2088; x_wconf 84' lang='lat' dir='ltr'><strong>damnosum</strong></span> <span class='ocrx_word' id='word_1_100' title='bbox 879 2007 1053 2084; x_wconf 83' lang='lat' dir='ltr'><strong>inlluxum</strong></span> <span class='ocrx_word' id='word_1_101' title='bbox 1076 2010 1343 2110; x_wconf 79' lang='lat' dir='ltr'><strong>prudentiores,</strong></span> 
     </span>
     <span class='ocr_line' id='line_1_16' title="bbox 231 2123 1343 2226; baseline 0.004 -30"><span class='ocrx_word' id='word_1_102' title='bbox 231 2149 273 2197; x_wconf 91' lang='lat' dir='ltr'><strong>ac</strong></span> <span class='ocrx_word' id='word_1_103' title='bbox 307 2125 469 2226; x_wconf 83' lang='lat' dir='ltr'><strong>propriae</strong></span> <span class='ocrx_word' id='word_1_104' title='bbox 503 2123 609 2198; x_wconf 88' lang='lat' dir='ltr'><strong>saluti</strong></span> <span class='ocrx_word' id='word_1_105' title='bbox 644 2125 754 2224; x_wconf 90' lang='lat' dir='ltr'><strong>magis</strong></span> <span class='ocrx_word' id='word_1_106' title='bbox 790 2124 1013 2200; x_wconf 80' lang='lat' dir='ltr'><strong>consulentes</strong></span> <span class='ocrx_word' id='word_1_107' title='bbox 1048 2124 1166 2202; x_wconf 87' lang='lat' dir='ltr'><strong>coloni</strong></span> <span class='ocrx_word' id='word_1_108' title='bbox 1190 2125 1343 2208; x_wconf 85' lang='lat' dir='ltr'><strong>aliarum</strong></span> 
     </span>
     <span class='ocr_line' id='line_1_17' title="bbox 229 2230 1342 2343; baseline 0.001 -27"><span class='ocrx_word' id='word_1_109' title='bbox 229 2241 414 2340; x_wconf 78' lang='lat' dir='ltr'><strong>reginum</strong></span> <span class='ocrx_word' id='word_1_110' title='bbox 449 2239 596 2320; x_wconf 80' lang='lat' dir='ltr'><strong>sollicite</strong></span> <span class='ocrx_word' id='word_1_111' title='bbox 627 2239 749 2340; x_wconf 81' lang='lat' dir='ltr'><strong>lugere</strong></span> <span class='ocrx_word' id='word_1_112' title='bbox 776 2255 1032 2338; x_wconf 79' lang='lat' dir='ltr'><strong>consuescunt,</strong></span> <span class='ocrx_word' id='word_1_113' title='bbox 1056 2267 1169 2343; x_wconf 80' lang='lat' dir='ltr'><strong>opace</strong></span> <span class='ocrx_word' id='word_1_114' title='bbox 1191 2230 1342 2322; x_wconf 83' lang='lat' dir='ltr'><strong>umbrae</strong></span> 
     </span>
     <span class='ocr_line' id='line_1_18' title="bbox 229 2361 1348 2465; baseline 0.004 -30"><span class='ocrx_word' id='word_1_115' title='bbox 229 2364 365 2463; x_wconf 71' lang='lat' dir='ltr'><strong>frigora,</strong></span> <span class='ocrx_word' id='word_1_116' title='bbox 381 2361 604 2464; x_wconf 85' lang='lat' dir='ltr'><strong>quaerendo,</strong></span> <span class='ocrx_word' id='word_1_117' title='bbox 627 2363 787 2465; x_wconf 80' lang='lat' dir='ltr'><strong>fessaque</strong></span> <span class='ocrx_word' id='word_1_118' title='bbox 811 2361 972 2438; x_wconf 91' lang='lat' dir='ltr'><strong>membra</strong></span> <span class='ocrx_word' id='word_1_119' title='bbox 996 2363 1135 2465; x_wconf 83' lang='lat' dir='ltr'><strong>quiete,</strong></span> <span class='ocrx_word' id='word_1_120' title='bbox 1159 2363 1225 2438; x_wconf 87' lang='lat' dir='ltr'><strong>etsi</strong></span> <span class='ocrx_word' id='word_1_121' title='bbox 1238 2362 1348 2440; x_wconf 81' lang='lat' dir='ltr'><strong>brevi·</strong></span> 
     </span>
     <span class='ocr_line' id='line_1_19' title="bbox 229 2481 471 2558; baseline 0.008 -2"><span class='ocrx_word' id='word_1_122' title='bbox 229 2481 471 2558; x_wconf 77' lang='lat' dir='ltr'><strong>refocillando.</strong></span> 
     </span>
    </p>
   </div>
   <div class='ocr_carea' id='block_1_6' title="bbox 73 2601 1341 2714">
    <p class='ocr_par' dir='ltr' id='par_1_6' title="bbox 73 2601 1341 2714">
     <span class='ocr_line' id='line_1_20' title="bbox 73 2601 1341 2714; baseline -0.001 -35"><span class='ocrx_word' id='word_1_123' title='bbox 73 2702 79 2714; x_wconf 23' lang='grc' dir='ltr'><strong><em>ι</em></strong></span> <span class='ocrx_word' id='word_1_124' title='bbox 234 2620 239 2629; x_wconf 92' lang='grc'><strong><em>·</em></strong></span> <span class='ocrx_word' id='word_1_125' title='bbox 278 2603 401 2694; x_wconf 88' lang='lat' dir='ltr'><strong>Quum</strong></span> <span class='ocrx_word' id='word_1_126' title='bbox 425 2627 492 2676; x_wconf 90' lang='lat' dir='ltr'><strong>nec</strong></span> <span class='ocrx_word' id='word_1_127' title='bbox 515 2615 618 2677; x_wconf 92' lang='lat' dir='ltr'><strong>utero</strong></span> <span class='ocrx_word' id='word_1_128' title='bbox 652 2615 850 2700; x_wconf 73' lang='lat' dir='ltr'><strong>gestantes,</strong></span> <span class='ocrx_word' id='word_1_129' title='bbox 883 2627 951 2678; x_wconf 91' lang='lat' dir='ltr'><strong>nec</strong></span> <span class='ocrx_word' id='word_1_130' title='bbox 984 2627 1178 2704; x_wconf 87' lang='lat' dir='ltr'><strong>puerperae</strong></span> <span class='ocrx_word' id='word_1_131' title='bbox 1203 2625 1224 2676; x_wconf 89' lang='lat' dir='ltr'><strong>a</strong></span> <span class='ocrx_word' id='word_1_132' title='bbox 1248 2601 1341 2678; x_wconf 85' lang='lat' dir='ltr'><strong>duro</strong></span> 
     </span>
    </p>
   </div>
   <div class='ocr_carea' id='block_1_7' title="bbox 227 2720 1342 3058">
    <p class='ocr_par' dir='ltr' id='par_1_7' title="bbox 227 2720 1342 3058">
     <span class='ocr_line' id='line_1_21' title="bbox 227 2720 1342 2823; baseline -0.002 -29"><span class='ocrx_word' id='word_1_133' title='bbox 227 2721 395 2822; x_wconf 90' lang='lat' dir='ltr'><strong>mancipii</strong></span> <span class='ocrx_word' id='word_1_134' title='bbox 420 2725 501 2823; x_wconf 86' lang='lat' dir='ltr'><strong>jugo</strong></span> <span class='ocrx_word' id='word_1_135' title='bbox 525 2721 598 2794; x_wconf 86' lang='lat' dir='ltr'><strong>sint</strong></span> <span class='ocrx_word' id='word_1_136' title='bbox 621 2735 809 2822; x_wconf 75' lang='lat' dir='ltr'><strong>exceptae,</strong></span> <span class='ocrx_word' id='word_1_137' title='bbox 833 2735 954 2796; x_wconf 84' lang='lat' dir='ltr'><strong>tenere</strong></span> <span class='ocrx_word' id='word_1_138' title='bbox 978 2720 1099 2822; x_wconf 79' lang='lat' dir='ltr'><strong>proles</strong></span> <span class='ocrx_word' id='word_1_139' title='bbox 1121 2727 1192 2823; x_wconf 78' lang='lat' dir='ltr'><strong>jem</strong></span> <span class='ocrx_word' id='word_1_140' title='bbox 1216 2720 1257 2796; x_wconf 90' lang='lat' dir='ltr'><strong>in</strong></span> <span class='ocrx_word' id='word_1_141' title='bbox 1270 2721 1342 2820; x_wconf 83' lang='lat' dir='ltr'><strong>pri-</strong></span> 
     </span>
     <span class='ocr_line' id='line_1_22' title="bbox 227 2838 1341 2939; baseline -0.003 -23"><span class='ocrx_word' id='word_1_142' title='bbox 227 2842 298 2916; x_wconf 88' lang='lat' dir='ltr'><strong>mis</strong></span> <span class='ocrx_word' id='word_1_143' title='bbox 320 2842 413 2915; x_wconf 76' lang='lat' dir='ltr'><strong>vius</strong></span> <span class='ocrx_word' id='word_1_144' title='bbox 438 2865 522 2914; x_wconf 84' lang='lat' dir='ltr'><strong>suae</strong></span> <span class='ocrx_word' id='word_1_145' title='bbox 555 2841 745 2914; x_wconf 85' lang='lat' dir='ltr'><strong>momentis</strong></span> <span class='ocrx_word' id='word_1_146' title='bbox 777 2853 957 2918; x_wconf 85' lang='lat' dir='ltr'><strong>matemos</strong></span> <span class='ocrx_word' id='word_1_147' title='bbox 993 2839 1087 2912; x_wconf 77' lang='lat' dir='ltr'><strong>ieter</strong></span> <span class='ocrx_word' id='word_1_148' title='bbox 1116 2838 1279 2939; x_wconf 88' lang='lat' dir='ltr'><strong>planctus</strong></span> <span class='ocrx_word' id='word_1_149' title='bbox 1303 2852 1341 2913; x_wconf 90' lang='lat' dir='ltr'><strong>et</strong></span> 
     </span>
     <span class='ocr_line' id='line_1_23' title="bbox 227 2955 1340 3058; baseline 0 -28"><span class='ocrx_word' id='word_1_150' title='bbox 227 2957 377 3056; x_wconf 86' lang='lat' dir='ltr'><strong>suspiria</strong></span> <span class='ocrx_word' id='word_1_151' title='bbox 411 2957 568 3058; x_wconf 90' lang='lat' dir='ltr'><strong>inopiam</strong></span> <span class='ocrx_word' id='word_1_152' title='bbox 602 2957 699 3056; x_wconf 83' lang='lat' dir='ltr'><strong>pati,</strong></span> <span class='ocrx_word' id='word_1_153' title='bbox 733 2981 778 3029; x_wconf 87' lang='lat' dir='ltr'><strong>ao</strong></span> <span class='ocrx_word' id='word_1_154' title='bbox 809 2963 1025 3048; x_wconf 76' lang='lat' dir='ltr'><strong>marcescere</strong></span> <span class='ocrx_word' id='word_1_155' title='bbox 1062 2955 1191 3054; x_wconf 70' lang='lat' dir='ltr'><strong>debet,</strong></span> <span class='ocrx_word' id='word_1_156' title='bbox 1229 2955 1340 3030; x_wconf 87' lang='lat' dir='ltr'><strong>ubera</strong></span> 
     </span>
    </p>
   </div>
   <div class='ocr_carea' id='block_1_8' title="bbox 71 3074 1340 3178">
    <p class='ocr_par' dir='ltr' id='par_1_8' title="bbox 71 3074 1340 3178">
     <span class='ocr_line' id='line_1_24' title="bbox 71 3074 1340 3178; baseline 0.003 -30"><span class='ocrx_word' id='word_1_157' title='bbox 71 3085 79 3102; x_wconf 81' lang='lat'><strong>&#39;</strong></span> <span class='ocrx_word' id='word_1_158' title='bbox 228 3078 324 3150; x_wconf 90' lang='lat' dir='ltr'><strong>enim</strong></span> <span class='ocrx_word' id='word_1_159' title='bbox 348 3077 406 3150; x_wconf 86' lang='lat' dir='ltr'><strong>rix</strong></span> <span class='ocrx_word' id='word_1_160' title='bbox 430 3089 566 3150; x_wconf 75' lang='lat' dir='ltr'><strong>tantm</strong></span> <span class='ocrx_word' id='word_1_161' title='bbox 589 3101 717 3178; x_wconf 79' lang='lat' dir='ltr'><strong>parere</strong></span> <span class='ocrx_word' id='word_1_162' title='bbox 738 3089 876 3178; x_wconf 87' lang='lat' dir='ltr'><strong>queunt</strong></span> <span class='ocrx_word' id='word_1_163' title='bbox 899 3074 999 3149; x_wconf 89' lang='lat' dir='ltr'><strong>lactis</strong></span> <span class='ocrx_word' id='word_1_164' title='bbox 1024 3078 1183 3176; x_wconf 88' lang='lat' dir='ltr'><strong>copiam,</strong></span> <span class='ocrx_word' id='word_1_165' title='bbox 1206 3089 1340 3176; x_wconf 77' lang='lat' dir='ltr'><strong>quanta</strong></span> 
     </span>
    </p>
   </div>
   <div class='ocr_carea' id='block_1_9' title="bbox 186 3191 1385 4593">
    <p class='ocr_par' dir='ltr' id='par_1_9' title="bbox 186 3191 1385 4593">
     <span class='ocr_line' id='line_1_25' title="bbox 226 3191 1338 3294; baseline 0.004 -29"><span class='ocrx_word' id='word_1_166' title='bbox 226 3193 369 3290; x_wconf 82' lang='lat' dir='ltr'><strong>infans,</strong></span> <span class='ocrx_word' id='word_1_167' title='bbox 392 3207 434 3267; x_wconf 91' lang='lat' dir='ltr'><strong>ut</strong></span> <span class='ocrx_word' id='word_1_168' title='bbox 456 3191 567 3294; x_wconf 86' lang='lat' dir='ltr'><strong>probe</strong></span> <span class='ocrx_word' id='word_1_169' title='bbox 591 3194 790 3289; x_wconf 84' lang='lat' dir='ltr'><strong>nutriatur,</strong></span> <span class='ocrx_word' id='word_1_170' title='bbox 822 3191 964 3293; x_wconf 78' lang='lat' dir='ltr'><strong>indiget</strong></span> <span class='ocrx_word' id='word_1_171' title='bbox 995 3193 1047 3267; x_wconf 88' lang='lat' dir='ltr'><strong>Et</strong></span> <span class='ocrx_word' id='word_1_172' title='bbox 1074 3193 1105 3267; x_wconf 86' lang='lat' dir='ltr'><strong>si</strong></span> <span class='ocrx_word' id='word_1_173' title='bbox 1129 3191 1276 3268; x_wconf 74' lang='lat' dir='ltr'><strong>innuite</strong></span> <span class='ocrx_word' id='word_1_174' title='bbox 1299 3195 1338 3269; x_wconf 86' lang='lat' dir='ltr'><strong>in</strong></span> 
     </span>
     <span class='ocr_line' id='line_1_26' title="bbox 225 3309 1338 3413; baseline 0.003 -30"><span class='ocrx_word' id='word_1_175' title='bbox 225 3325 339 3384; x_wconf 84' lang='lat' dir='ltr'><strong>matre</strong></span> <span class='ocrx_word' id='word_1_176' title='bbox 362 3316 517 3411; x_wconf 82' lang='lat' dir='ltr'><strong>juvene,</strong></span> <span class='ocrx_word' id='word_1_177' title='bbox 541 3325 647 3412; x_wconf 82' lang='lat' dir='ltr'><strong>utque</strong></span> <span class='ocrx_word' id='word_1_178' title='bbox 670 3310 817 3385; x_wconf 81' lang='lat' dir='ltr'><strong>robusta</strong></span> <span class='ocrx_word' id='word_1_179' title='bbox 841 3311 946 3388; x_wconf 82' lang='lat' dir='ltr'><strong>altilis</strong></span> <span class='ocrx_word' id='word_1_180' title='bbox 969 3309 1087 3413; x_wconf 90' lang='lat' dir='ltr'><strong>liquor</strong></span> <span class='ocrx_word' id='word_1_181' title='bbox 1109 3309 1249 3412; x_wconf 82' lang='lat' dir='ltr'><strong>largiori</strong></span> <span class='ocrx_word' id='word_1_182' title='bbox 1273 3311 1338 3388; x_wconf 75' lang='lat' dir='ltr'><strong>llu·</strong></span> 
     </span>
     <span class='ocr_line' id='line_1_27' title="bbox 225 3427 1337 3528; baseline 0.005 -26"><span class='ocrx_word' id='word_1_183' title='bbox 225 3429 316 3502; x_wconf 76' lang='lat' dir='ltr'><strong>xer-it</strong></span> <span class='ocrx_word' id='word_1_184' title='bbox 339 3429 436 3525; x_wconf 85' lang='lat' dir='ltr'><strong>rivo,</strong></span> <span class='ocrx_word' id='word_1_185' title='bbox 459 3451 540 3528; x_wconf 89' lang='lat' dir='ltr'><strong>spes</strong></span> <span class='ocrx_word' id='word_1_186' title='bbox 556 3427 666 3523; x_wconf 83' lang='lat' dir='ltr'><strong>lucri,</strong></span> <span class='ocrx_word' id='word_1_187' title='bbox 689 3455 734 3502; x_wconf 86' lang='lat' dir='ltr'><strong>ao</strong></span> <span class='ocrx_word' id='word_1_188' title='bbox 748 3427 962 3504; x_wconf 86' lang='lat' dir='ltr'><strong>desiderium</strong></span> <span class='ocrx_word' id='word_1_189' title='bbox 978 3455 1164 3506; x_wconf 80' lang='lat' dir='ltr'><strong>aerumnas</strong></span> <span class='ocrx_word' id='word_1_190' title='bbox 1180 3429 1337 3508; x_wconf 81' lang='lat' dir='ltr'><strong>leuieurli</strong></span> 
     </span>
     <span class='ocr_line' id='line_1_28' title="bbox 225 3545 1335 3648; baseline 0.004 -26"><span class='ocrx_word' id='word_1_191' title='bbox 225 3547 405 3648; x_wconf 84' lang='lat' dir='ltr'><strong>propriam</strong></span> <span class='ocrx_word' id='word_1_192' title='bbox 438 3545 578 3648; x_wconf 92' lang='lat' dir='ltr'><strong>prolem</strong></span> <span class='ocrx_word' id='word_1_193' title='bbox 605 3547 765 3624; x_wconf 89' lang='lat' dir='ltr'><strong>benefico</strong></span> <span class='ocrx_word' id='word_1_194' title='bbox 802 3547 970 3623; x_wconf 88' lang='lat' dir='ltr'><strong>alimento</strong></span> <span class='ocrx_word' id='word_1_195' title='bbox 1008 3549 1214 3648; x_wconf 75' lang='lat' dir='ltr'><strong>defiaudat3</strong></span> <span class='ocrx_word' id='word_1_196' title='bbox 1246 3552 1335 3626; x_wconf 86' lang='lat' dir='ltr'><strong>ube·</strong></span> 
     </span>
     <span class='ocr_line' id='line_1_29' title="bbox 223 3663 1385 3770; baseline 0.003 -32"><span class='ocrx_word' id='word_1_197' title='bbox 223 3691 263 3738; x_wconf 82' lang='lat' dir='ltr'><strong>re</strong></span> <span class='ocrx_word' id='word_1_198' title='bbox 287 3665 383 3739; x_wconf 92' lang='lat' dir='ltr'><strong>enim</strong></span> <span class='ocrx_word' id='word_1_199' title='bbox 407 3691 470 3738; x_wconf 87' lang='lat' dir='ltr'><strong>sua</strong></span> <span class='ocrx_word' id='word_1_200' title='bbox 486 3663 634 3770; x_wconf 74' lang='lat' dir='ltr'><strong>⁸alienae</strong></span> <span class='ocrx_word' id='word_1_201' title='bbox 665 3665 788 3740; x_wconf 88' lang='lat' dir='ltr'><strong>matris</strong></span> <span class='ocrx_word' id='word_1_202' title='bbox 820 3665 1029 3766; x_wconf 89' lang='lat' dir='ltr'><strong>pusionibus</strong></span> <span class='ocrx_word' id='word_1_203' title='bbox 1056 3663 1220 3740; x_wconf 82' lang='lat' dir='ltr'><strong>mercetle</strong></span> <span class='ocrx_word' id='word_1_204' title='bbox 1253 3694 1337 3742; x_wconf 90' lang='lat' dir='ltr'><strong>con·</strong></span> <span class='ocrx_word' id='word_1_205' title='bbox 1378 3673 1385 3686; x_wconf 91' lang='lat'>&#39;</span> 
     </span>
     <span class='ocr_line' id='line_1_30' title="bbox 186 3781 1334 3886; baseline 0.003 -28"><span class='ocrx_word' id='word_1_206' title='bbox 186 3781 329 3858; x_wconf 69' lang='lat' dir='ltr'><strong>“ductu</strong></span> <span class='ocrx_word' id='word_1_207' title='bbox 353 3783 519 3884; x_wconf 89' lang='lat' dir='ltr'><strong>praebet,</strong></span> <span class='ocrx_word' id='word_1_208' title='bbox 543 3809 626 3858; x_wconf 92' lang='lat' dir='ltr'><strong>cum</strong></span> <span class='ocrx_word' id='word_1_209' title='bbox 650 3811 784 3886; x_wconf 89' lang='lat' dir='ltr'><strong>paucae</strong></span> <span class='ocrx_word' id='word_1_210' title='bbox 803 3799 952 3860; x_wconf 83' lang='lat' dir='ltr'><strong>tantum</strong></span> <span class='ocrx_word' id='word_1_211' title='bbox 975 3787 1047 3863; x_wconf 84' lang='lat' dir='ltr'><strong>sint</strong></span> <span class='ocrx_word' id='word_1_212' title='bbox 1077 3801 1229 3883; x_wconf 83' lang='lat' dir='ltr'><strong>matres,</strong></span> <span class='ocrx_word' id='word_1_213' title='bbox 1252 3789 1334 3862; x_wconf 85' lang='lat' dir='ltr'><strong>infi-</strong></span> 
     </span>
     <span class='ocr_line' id='line_1_31' title="bbox 221 3901 1334 4005; baseline 0.003 -29"><span class='ocrx_word' id='word_1_214' title='bbox 221 3927 318 3976; x_wconf 81' lang='lat' dir='ltr'><strong>mam</strong></span> <span class='ocrx_word' id='word_1_215' title='bbox 329 3903 358 3974; x_wconf 92' lang='lat' dir='ltr'><strong>si</strong></span> <span class='ocrx_word' id='word_1_216' title='bbox 375 3903 552 4002; x_wconf 83' lang='lat' dir='ltr'><strong>exceperis</strong></span> <span class='ocrx_word' id='word_1_217' title='bbox 568 3901 812 4003; x_wconf 89' lang='lat' dir='ltr'><strong>plebeculam,</strong></span> <span class='ocrx_word' id='word_1_218' title='bbox 828 3929 922 4004; x_wconf 88' lang='lat' dir='ltr'><strong>quae</strong></span> <span class='ocrx_word' id='word_1_219' title='bbox 935 3903 1080 4005; x_wconf 86' lang='lat' dir='ltr'><strong>proprio</strong></span> <span class='ocrx_word' id='word_1_220' title='bbox 1095 3901 1186 3979; x_wconf 89' lang='lat' dir='ltr'><strong>lacte</strong></span> <span class='ocrx_word' id='word_1_221' title='bbox 1202 3902 1334 3978; x_wconf 89' lang='lat' dir='ltr'><strong>liberos</strong></span> 
     </span>
     <span class='ocr_line' id='line_1_32' title="bbox 222 4017 1336 4125; baseline 0.004 -34"><span class='ocrx_word' id='word_1_222' title='bbox 222 4017 385 4094; x_wconf 84' lang='lat' dir='ltr'><strong>educant</strong></span> <span class='ocrx_word' id='word_1_223' title='bbox 410 4021 467 4098; x_wconf 77' lang='lat' dir='ltr'><strong>stc</strong></span> <span class='ocrx_word' id='word_1_224' title='bbox 492 4021 617 4093; x_wconf 89' lang='lat' dir='ltr'><strong>unicus</strong></span> <span class='ocrx_word' id='word_1_225' title='bbox 642 4019 701 4094; x_wconf 92' lang='lat' dir='ltr'><strong>ille</strong></span> <span class='ocrx_word' id='word_1_226' title='bbox 726 4021 836 4096; x_wconf 76' lang='lat' dir='ltr'><strong>futuri</strong></span> <span class='ocrx_word' id='word_1_227' title='bbox 861 4021 998 4098; x_wconf 85' lang='lat' dir='ltr'><strong>roboris</strong></span> <span class='ocrx_word' id='word_1_228' title='bbox 1022 4022 1101 4098; x_wconf 84' lang='lat' dir='ltr'><strong>lons</strong></span> <span class='ocrx_word' id='word_1_229' title='bbox 1123 4025 1336 4125; x_wconf 84' lang='lat' dir='ltr'><strong>paupertino</strong></span> 
     </span>
     <span class='ocr_line' id='line_1_33' title="bbox 221 4137 1334 4241; baseline 0.004 -32"><span class='ocrx_word' id='word_1_230' title='bbox 221 4137 348 4211; x_wconf 75' lang='lat' dir='ltr'><strong>infanti</strong></span> <span class='ocrx_word' id='word_1_231' title='bbox 374 4152 529 4238; x_wconf 89' lang='lat' dir='ltr'><strong>negatur.</strong></span> <span class='ocrx_word' id='word_1_232' title='bbox 546 4139 701 4212; x_wconf 85' lang='lat' dir='ltr'><strong>Leniunt</strong></span> <span class='ocrx_word' id='word_1_233' title='bbox 717 4138 861 4240; x_wconf 87' lang='lat' dir='ltr'><strong>quidem</strong></span> <span class='ocrx_word' id='word_1_234' title='bbox 877 4139 1057 4241; x_wconf 88' lang='lat' dir='ltr'><strong>ploratus,</strong></span> <span class='ocrx_word' id='word_1_235' title='bbox 1080 4154 1334 4241; x_wconf 84' lang='lat' dir='ltr'><strong>urgentemque</strong></span> 
     </span>
     <span class='ocr_line' id='line_1_34' title="bbox 221 4254 1333 4360; baseline 0.004 -31"><span class='ocrx_word' id='word_1_236' title='bbox 221 4256 351 4341; x_wconf 81' lang='lat' dir='ltr'><strong>famem</strong></span> <span class='ocrx_word' id='word_1_237' title='bbox 368 4257 493 4330; x_wconf 88' lang='lat' dir='ltr'><strong>sedant</strong></span> <span class='ocrx_word' id='word_1_238' title='bbox 510 4254 703 4329; x_wconf 79' lang='lat' dir='ltr'><strong>forinsecae</strong></span> <span class='ocrx_word' id='word_1_239' title='bbox 719 4255 856 4358; x_wconf 84' lang='lat' dir='ltr'><strong>pultes,</strong></span> <span class='ocrx_word' id='word_1_240' title='bbox 879 4271 934 4331; x_wconf 87' lang='lat' dir='ltr'><strong>ast</strong></span> <span class='ocrx_word' id='word_1_241' title='bbox 950 4259 1026 4360; x_wconf 88' lang='lat' dir='ltr'><strong>pari</strong></span> <span class='ocrx_word' id='word_1_242' title='bbox 1044 4272 1202 4357; x_wconf 87' lang='lat' dir='ltr'><strong>tempore</strong></span> <span class='ocrx_word' id='word_1_243' title='bbox 1219 4258 1333 4359; x_wconf 75' lang='lat' dir='ltr'><strong>prinn</strong></span> 
     </span>
     <span class='ocr_line' id='line_1_35' title="bbox 221 4372 1332 4477; baseline 0.002 -28"><span class='ocrx_word' id='word_1_244' title='bbox 221 4388 360 4475; x_wconf 90' lang='lat' dir='ltr'><strong>ponunt</strong></span> <span class='ocrx_word' id='word_1_245' title='bbox 394 4372 569 4449; x_wconf 83' lang='lat' dir='ltr'><strong>mulorum</strong></span> <span class='ocrx_word' id='word_1_246' title='bbox 604 4375 783 4473; x_wconf 84' lang='lat' dir='ltr'><strong>germina,</strong></span> <span class='ocrx_word' id='word_1_247' title='bbox 817 4381 927 4451; x_wconf 85' lang='lat' dir='ltr'><strong>serius</strong></span> <span class='ocrx_word' id='word_1_248' title='bbox 961 4401 1073 4477; x_wconf 82' lang='lat' dir='ltr'><strong>ocyus</strong></span> <span class='ocrx_word' id='word_1_249' title='bbox 1103 4375 1145 4448; x_wconf 87' lang='lat' dir='ltr'><strong>in</strong></span> <span class='ocrx_word' id='word_1_250' title='bbox 1180 4375 1332 4452; x_wconf 69' lang='lat' dir='ltr'><strong>miricas</strong></span> 
     </span>
     <span class='ocr_line' id='line_1_36' title="bbox 220 4491 501 4593; baseline -0.007 -27"><span class='ocrx_word' id='word_1_251' title='bbox 220 4491 297 4566; x_wconf 87' lang='lat' dir='ltr'><strong>lues</strong></span> <span class='ocrx_word' id='word_1_252' title='bbox 322 4506 501 4593; x_wconf 89' lang='lat' dir='ltr'><strong>eruptura.</strong></span> 
     </span>
    </p>
   </div>
   <div class='ocr_carea' id='block_1_10' title="bbox 271 4608 1134 4688">
    <p class='ocr_par' dir='ltr' id='par_1_10' title="bbox 271 4608 1134 4688">
     <span class='ocr_line' id='line_1_37' title="bbox 271 4608 1134 4688; baseline -0.002 0"><span class='ocrx_word' id='word_1_253' title='bbox 271 4609 459 4688; x_wconf 61' lang='lat' dir='ltr'><strong>Moenus.</strong></span> <span class='ocrx_word' id='word_1_254' title='bbox 484 4608 582 4688; x_wconf 87' lang='lat' dir='ltr'><strong>Ann.</strong></span> <span class='ocrx_word' id='word_1_255' title='bbox 610 4609 700 4687; x_wconf 74' lang='lat' dir='ltr'><strong>cun.</strong></span> <span class='ocrx_word' id='word_1_256' title='bbox 726 4611 760 4687; x_wconf 91' lang='lat'><strong>1.</strong></span> <span class='ocrx_word' id='word_1_257' title='bbox 1109 4615 1134 4686; x_wconf 83' lang='lat'>8</span> 
     </span>
    </p>
   </div>
   <div class='ocr_carea' id='block_1_11' title="bbox 0 0 1636 5194">
    <p class='ocr_par' dir='ltr' id='par_1_11' title="bbox 0 0 1636 5194">
     <span class='ocr_line' id='line_1_38' title="bbox 0 0 1636 5194; baseline 0 3"><span class='ocrx_word' id='word_1_258' title='bbox 0 0 1636 5194; x_wconf 95' lang='lat' dir='ltr'><strong> </strong></span> 
     </span>
    </p>
   </div>
  </div>
 </body>
</html>
