3264 5194
1285 401 1347 452 sar

244 495 428 598 gubemmi
458 496 578 574 locum
615 491 775 592 babent,
812 491 1080 598 quamplurimis
1116 493 1267 572 obnoxii
1301 509 1357 570 est

242 615 592 711 modificationibus,
614 613 748 687 climati
772 637 856 687 mox
878 613 1130 714 geographico,
1152 639 1237 690 mox
1260 614 1354 717 phy·

240 739 342 834 sico,
365 736 426 812 rel
449 736 556 808 etiam
579 733 768 808 bominum
790 733 935 808 vivendi
960 733 1078 832 generi
1096 733 1306 831 tribuendis.

289 856 525 929 Densissimae
540 850 690 926 nebulae
706 876 790 952 agro
807 847 988 925 Ticinensi
1013 851 1244 946 incubantes,
1268 855 1355 925 insi·

241 973 339 1070 gnis,
363 997 470 1072 mem
495 969 742 1072 atmosplraera
766 967 851 1042 inde
874 969 1110 1066 nanciscitur,
1140 969 1253 1069 udor,
1278 995 1355 1043 mo-

242 1093 364 1166 derata
398 1103 588 1166 ventorum
622 1089 856 1189 spiramenta,
896 1101 1003 1189 atque
1036 1087 1144 1164 coeli
1169 1089 1356 1164 clementia

241 1205 337 1302 talis,
372 1231 462 1307 quas
497 1203 544 1278 ad
575 1203 841 1278 meridionalem
872 1205 1031 1302 accefflt,
1061 1205 1210 1281 totidem
1240 1221 1357 1290 essem

240 1307 444 1418 momenta,
469 1345 560 1422 quae
585 1347 605 1394 s
630 1322 739 1423 priori
764 1322 934 1422 suspicari
959 1323 1135 1420 sinerent,
1158 1321 1357 1397 inflamma·

240 1442 372 1516 torium
396 1441 584 1542 epilemiae
609 1437 777 1514 brumalis
799 1441 981 1541 ingenium
1005 1467 1231 1544 nequaquam
1252 1442 1355 1516 illum

239 1561 417 1663 potentiue
454 1559 604 1662 gradum
639 1560 820 1660 adtingere
860 1585 984 1662 posse,
1011 1585 1120 1661 quem
1155 1561 1356 1661 regionibus

240 1679 494 1782 hyperboreis,
517 1679 644 1776 deda,
672 1677 851 1756 montanis
886 1691 924 1753 et
958 1679 1114 1754 ventosis
1149 1677 1356 1752 familiarem

239 1821 315 1872 esse
339 1799 513 1872 norimus.
536 1795 764 1899 Experientia
780 1823 867 1872 vero
883 1799 1098 1872 contrarium
1115 1795 1236 1894 docet,
1252 1821 1354 1870 naru-

239 1943 310 2018 que
350 1941 455 2017 saepe
492 1915 631 2015 saepius
665 1913 1016 2011 vehementissimas,
1052 1929 1090 1989 et
1125 1915 1356 1989 creberrimas

239 2033 426 2136 phlogoses
451 2032 637 2108 observare
660 2032 764 2131 licet,
788 2060 939 2136 quarum
963 2034 1106 2109 insidias
1127 2035 1272 2137 quidem
1287 2059 1356 2112 nec

240 2150 368 2226 urbani
397 2153 511 2248 cives,
545 2151 660 2227 multo
688 2153 807 2226 minus
842 2167 960 2226 summ
989 2154 1172 2253 rurigenae
1200 2151 1355 2253 effugere

239 2266 380 2365 valent,
404 2267 574 2342 morbidis
598 2266 789 2342 influxibus
813 2267 929 2344 multo
952 2269 1063 2369 magis
1079 2269 1237 2371 expositi.
1255 2270 1353 2362 Qua·

239 2397 342 2459 tenus
375 2383 524 2480 bruma,
557 2387 749 2488 oxygenii,
784 2387 945 2488 frigoris,
975 2415 1018 2462 ac
1054 2389 1356 2490 praedominantur

238 2505 409 2604 positivae
434 2503 670 2580 electricitatis
705 2507 816 2606 graue
851 2505 1125 2582 irritabilitatem
1159 2533 1356 2603 vasorum,

117 2651 119 2656 ·
238 2619 458 2699 haematosin
469 2679 481 2722 ,
505 2623 788 2728 pulmonumque
812 2626 1038 2702 efficientiam
1054 2626 1200 2704 vitalem
1221 2630 1353 2702 mirum

238 2739 277 2814 in
289 2726 449 2816 ‘modum
471 2741 621 2840 exultat,
645 2757 790 2818 eatenus
814 2743 1109 2820 inflammationes
1136 2771 1353 2846 organorum

238 2861 545 2960 pneumaticorum
567 2862 606 2933 in
622 2859 770 2961 quovis,
785 2862 861 2936 siue
886 2859 1109 2960 discrimine,
1134 2863 1293 2961 climate,
1309 2889 1352 2936 ac

239 2976 388 3075 proinde
413 2978 521 3051 etiam
544 2978 583 3050 in
607 2991 729 3052 nostro
746 2979 891 3052 cacteris
908 2979 1161 3082 frequentiores
1178 3005 1254 3054 esse
1271 3005 1353 3054 eon-

239 3107 415 3168 suescunt
440 3093 519 3167 Alia
549 3119 655 3168 causa
689 3093 864 3170 delitescit
886 3097 925 3170 in
950 3097 1121 3172 conu'nuo
1137 3097 1352 3198 pulmonum

239 3235 323 3285 cum
347 3220 426 3285 uere
449 3211 605 3311 rigidiori
630 3211 807 3289 conflictu.
831 3215 1025 3288 Possumus
1059 3215 1225 3317 equidem
1258 3211 1352 3289 bene
1469 3313 1472 3320 Ι

239 3325 457 3430 elrlamyduti
481 3341 518 3404 et
532 3328 703 3431 palliolsti
719 3333 875 3434 corporis
892 3333 1022 3408 extima
1046 3360 1068 3407 a
1093 3333 1230 3435 frigoris
1255 3333 1353 3408 rabie

239 3460 277 3520 et
299 3469 420 3522 morsu
444 3447 573 3544 uun,
596 3461 634 3523 at
657 3449 837 3550 quomodo
862 3451 950 3536 extis
986 3451 1027 3526 iu
1061 3477 1169 3528 eavea
1199 3445 1353 3554 pectoris

239 3564 413 3638 contentis
437 3563 592 3665 prospici
615 3565 766 3666 poterit,
788 3567 819 3640 si
844 3565 889 3640 ab
913 3565 1127 3643 indesinenti
1144 3581 1181 3642 et
1201 3570 1355 3670 recipro-

239 3696 342 3757 cante
366 3683 455 3756 a'eris
478 3683 651 3784 inspiratu
675 3695 713 3759 et
736 3683 897 3787 expirata
926 3686 1037 3761 vitam
1066 3686 1264 3788 precariam
1288 3685 1353 3758 lra-

237 3797 390 3875 bemusl
413 3843 464 3860 -
487 3799 570 3877 Non
594 3815 649 3876 est
685 3827 768 3904 ergo
802 3783 901 3905 quod
930 3803 1120 3901 miremur,
1148 3803 1180 3876 si
1208 3803 1355 3904 hyems,

238 3915 375 4016 glaciali
415 3941 501 3992 aura
536 3917 693 4017 thoracis
733 3920 915 3995 interanea
954 3918 1152 4016 munte,
1186 3919 1355 4019 anginas,

236 4033 498 4136 bronchitides,
519 4037 830 4140 peripneumonias
856 4051 894 4112 et
917 4035 1145 4142 pleuritides,
1168 4061 1235 4110 eeu
1266 4061 1353 4110 oon·

237 4165 371 4226 euntes
395 4153 541 4227 consitas
566 4155 733 4256 agnoscit
757 4155 802 4231 In
826 4156 953 4258 agresti
968 4153 1112 4259 popello
1128 4167 1248 4228 sutem
1265 4151 1354 4227 aliae

238 4269 355 4344 adbuc
389 4270 632 4347 intercurrunt
665 4273 971 4371 circumstantiae,
1007 4295 1098 4374 quae
1132 4269 1282 4348 faciliori
1315 4271 1355 4348 id
1415 4315 1416 4320 =

239 4416 348 4489 genus
370 4389 579 4478 morborum
603 4393 728 4495 origini
753 4394 1030 4501 patrocinantur.
