3148 5170
1127 511 1131 522 .
1213 427 1284 530 247

174 551 349 651 epicrasin
372 547 622 652 subducendo,
644 547 741 626 leves
766 547 987 652 Camphorae
1004 548 1105 625 doses
1130 551 1287 650 interpo-

174 691 280 765 nere,
305 669 496 746 vesicantia
532 669 708 744 consuetis
741 667 831 742 locis
856 667 1068 765 admovere,
1097 681 1202 767 atque
1228 693 1289 767 po-

175 787 332 862 tionibus
357 787 466 862 acidia
490 783 714 889 polycholia'e
739 799 776 860 et
799 786 891 858 nisui
917 786 954 857 in
978 783 1209 885 liquatioucm
1229 783 1290 857 ob·

174 908 271 982 viam
297 907 373 1003 ire,
396 907 574 1008 optimum
608 904 795 986 consilium
830 903 1003 978 duximus.
1040 902 1290 1003 Qamprimum

175 1038 296 1098 autern
320 1049 425 1098 verae
450 1023 630 1098 astbeniae
656 1021 820 1098 subortae
845 1019 984 1096 nullum
1000 1018 1151 1122 amplius
1167 1043 1289 1120 super-

53 1171 63 1185 ·
175 1143 244 1217 fuit
268 1141 441 1239 dubium,
465 1142 512 1217 ad
535 1141 651 1216 infusa
676 1138 805 1215 flomm
829 1139 999 1233 Auricae,
1027 1137 1154 1212 radicis
1183 1135 1290 1211 Vale·

176 1263 319 1357 rianae,
342 1259 401 1336 vel
424 1259 633 1360 Angelicae,
658 1255 705 1332 ad
729 1257 864 1334 Chinae
888 1257 1095 1353 decoctum,
1117 1253 1165 1329 ad
1189 1253 1291 1328 Cam·

175 1377 329 1479 phoram
354 1391 391 1452 et
415 1376 606 1452 Moschum
640 1376 877 1451 transivimus.
919 1375 1074 1478 Scopum
1110 1370 1292 1448 stimulan-

176 1497 268 1571 tium
310 1497 349 1570 in
391 1493 547 1570 febribus
595 1492 948 1570 nervoso-asthenicis
997 1487 1138 1566 nullum
1181 1489 1292 1564 alium

177 1613 484 1713 recognoscimus,
513 1637 623 1714 quam
657 1625 699 1686 ut
731 1609 921 1688 artificialis
960 1609 1150 1687 inducatur
1185 1607 1291 1682 febris

176 1733 377 1822 imitativa,
401 1757 463 1806 seu
489 1731 587 1833 quod
611 1729 708 1807 idem
732 1744 809 1828 est,
831 1743 873 1804 ut
896 1729 988 1804 vires
1003 1727 1128 1805 vitales
1152 1726 1291 1830 depres-

177 1875 239 1926 sae
263 1851 310 1926 ad
333 1849 433 1926 illam
457 1849 641 1928 eleventur
656 1847 876 1928 moderatam
892 1847 1183 1942 exorbitantium,
1198 1871 1295 1947 quae

175 1995 246 2070 pro
271 1967 531 2071 explosionibus
557 1968 685 2043 criticis
710 1965 871 2043 absolute
900 1967 1098 2068 requiritur.
1130 1964 1291 2057 Quoties-

178 2113 320 2190 cunque
346 2087 530 2164 diarrboea
556 2085 662 2160 simul
686 2087 794 2183 ursit,
818 2083 974 2161 remedio
999 2083 1096 2158 fuere
1121 2081 1290 2184 clysteres

178 2205 424 2306 mucilaginosi
449 2231 469 2278 e
495 2229 653 2280 cremore
677 2202 802 2281 hordei
826 2217 863 2277 ct
887 2199 1009 2276 vitello
1037 2201 1097 2275 ovi
1121 2199 1292 2296 confecti,

176 2323 335 2399 infusum
360 2321 487 2397 radicis
520 2319 696 2397 Columbo
731 2345 814 2396 eum
851 2321 1004 2396 tinctura
1041 2317 1291 2411 cinnamomi,

177 2439 238 2514 vel
263 2439 391 2515 radicis
415 2439 585 2537 Arnicae,
609 2463 630 2512 a
655 2461 795 2513 summo
830 2435 981 2512 Srousm
1017 2458 1091 2510 uon
1114 2433 1190 2508 siue
1214 2437 1291 2536 jure

178 2557 410 2635 collaudatae.
799 2633 802 2639 ,

226 2675 271 2751 Id
294 2700 404 2776 genus
428 2673 680 2749 constitutione
703 2669 898 2774 epidemica
922 2693 1066 2745 omnem
1089 2668 1219 2769 ingenii
1236 2669 1290 2744 in·

176 2789 401 2868 flammatorii
431 2789 587 2868 favillam
627 2789 782 2891 extingui
816 2785 1001 2884 debuisse,
1040 2786 1283 2888 unusquisque

174 2911 374 3014 perspiciet.
405 2912 456 2986 Et
495 2935 617 2986 revera
661 2927 797 3011 neque⁴
818 2907 965 2982 unicum
1005 2902 1107 2979 nobis
1142 2901 1291 2980 obvenit

175 3017 510 3134 peripneumoniae,
534 3029 669 3106 aliusve
698 3027 984 3105 inflammationis
1013 3025 1181 3128 gravioris
1209 3049 1290 3128 spe-

176 3153 303 3226 cimen.
337 3151 502 3227 Nostram
532 3165 653 3226 tamen
691 3151 932 3227 adtentionem
966 3147 1157 3225 concitavit
1191 3145 1290 3221 haud

175 3267 381 3344 indifferens
409 3265 631 3343 dwucratum
664 3283 850 3344 acutorum
885 3266 1102 3369 frequentia,
1133 3288 1289 3368 quorum

176 3384 348 3462 nonnulla
371 3385 550 3463 musculos
576 3399 718 3462 anuum
742 3401 778 3462 et
802 3385 884 3461 colli
915 3384 1140 3486 (myodynia
1176 3406 1262 3481 vaga
1273 3434 1290 3473 ‚

81 3509 89 3526 ²
175 3505 340 3607 stelalgn
352 3559 367 3598 ,
392 3503 643 3607 trucdeagru)
654 3561 668 3599 ,
694 3506 761 3581 alia
786 3513 966 3609 juncturas
991 3501 1290 3606 (arthrodynia),

175 3625 245 3702 alia
279 3625 439 3728 pleuram
474 3633 486 3721 (
496 3627 717 3729 pleraudyne
733 3635 765 3724 t,
799 3627 1035 3730 perieranium
1071 3623 1189 3700 denuo
1222 3621 1290 3698 alia

175 3741 420 3848 (cephalam,
449 3745 502 3820 vel
529 3742 771 3840 hemicmnm)
805 3745 982 3848 petebant.
1019 3741 1130 3824 Dolor
1160 3742 1290 3844 ubique

175 3869 335 3942 eminens
373 3877 450 3939 erat
485 3879 711 3968 symptoma,
745 3865 830 3940 hinc
855 3862 938 3940 inde
963 3864 1053 3940 adeo
1077 3862 1291 3961 vehemens,

174 4001 218 4062 ut
251 3987 421 4090 spasticos
451 3989 698 4088 provocaverit
727 3987 901 4084 insultus,
935 3985 1150 4087 nerralgiam
1181 3987 1289 4059 simu

174 4101 292 4180 lando.
330 4101 483 4178 Febrem
517 4099 575 4179 vel
609 4103 745 4178 nullam
783 4105 952 4179 comitem
985 4101 1209 4198 habuerunt,
1233 4099 1291 4174 vel

173 4218 412 4317 levissimam,
437 4246 478 4296 ac
503 4245 599 4294 mere
630 4223 951 4325 symptomaticam.
987 4219 1042 4294 Ab
1074 4217 1289 4320 autiphlogi·

174 4342 262 4416 stica
286 4339 456 4416 methodo
481 4365 555 4415 nou
579 4338 695 4418 solum
720 4340 860 4416 nullum
885 4340 1070 4438 levamen,
1096 4339 1159 4413 sed
1184 4337 1290 4440 plane

176 4459 397 4535 manifestam
421 4455 724 4535 exacerbationem
750 4459 1108 4536 tormentorumoriri
1126 4456 1288 4532 vidimus.

176 4577 295 4672 Quare
319 4603 468 4656 nervoso
494 4579 610 4682 potius
635 4579 818 4681 systemati
842 4575 1099 4656 blandiendum
1125 4601 1199 4652 esse
1224 4599 1287 4648 ne·
