3228 5166
1278 343 1301 422 3

194 471 273 546 liliis
299 472 426 548 ollbne
451 459 644 574 potuissem
662 463 819 566 donum,
834 467 1135 572 quam'sermonis'
1152 343 1305 544 materiei

194 617 402 668 conservare
427 595 532 700 jura·
945 613 947 616 ·
1124 621 1126 624 -
1221 639 1225 644 .

200 733 204 744 ·
243 709 456 786 Nosocomia
486 720 524 780 et
551 705 717 780 Instituta
753 701 882 779 ellatioa
920 707 1237 782 commodissimam
1262 733 1303 782 ac

192 850 332 900 summe
357 827 521 900 idoneam
545 823 713 924 praebere
737 824 979 920 occasionem,
1000 849 1065 923 pro
1089 823 1303 898 ohservatio-
1444 907 1450 926 ¹
1587 900 1591 908 ¹

194 947 298 1019 nibus
315 945 478 1046 practicis
488 957 523 1018 et
539 939 900 1018 animadversionibus
917 943 1103 1044 epicriticis
1119 943 1304 1014 instituen-

196 1063 274 1157 dis,
298 1098 349 1118 -u
373 1059 567 1135 dummodo
592 1059 824 1134 obseruatoris
848 1085 949 1132 mens
966 1058 1010 1132 ab
1028 1059 1124 1134 omrai
1146 1058 1306 1132 factionis

197 1177 314 1251 studio
339 1191 376 1251 et
398 1175 649 1276 hypothesium
673 1173 840 1276 cupidine
870 1176 1037 1248 immunis
1071 1187 1232 1270 maneat,
1255 1209 1307 1232 ω

197 1319 302 1368 nemo
325 1321 410 1367 sane
433 1292 654 1368 inficiabitur.
678 1293 733 1368 lbi
758 1295 875 1394 gravia
906 1309 1052 1367 naturae
1082 1292 1223 1368 emeda
1248 1317 1305 1366 so-

194 1426 308 1508 nant3
331 1411 381 1483 ibi
406 1411 627 1486 curiosorum
650 1411 788 1510 ingenia
813 1411 982 1486 doctrinis
1007 1435 1050 1484 ex
1080 1409 1182 1484 illimi
1208 1411 1306 1485 sollte

193 1535 311 1636 petitis
336 1532 556 1607 delectantur
580 1547 618 1607 et
641 1531 794 1606 duntur.
819 1531 1037 1632 singularem
1058 1531 1139 1608 ideo
1163 1531 1306 1606 laudem

192 1650 259 1722 sibi
284 1671 509 1750 promeruere
523 1647 686 1722 illustres
711 1647 857 1744 Cliniei‚
888 1649 1032 1724 Sueuos
1063 1671 1108 1722 oa
1139 1673 1184 1724 ιι
1208 1649 1307 1746 bor,

192 1769 469 1862 Romamnus,
492 1767 547 1840 Da
572 1765 701 1864 Hans,
738 1769 876 1865 Srom,
910 1769 1074 1864 Suom,
1113 1769 1305 1863 consen,

193 1885 372 1960 Joarme
396 1885 539 1964 Perses
560 1899 600 1958 et
622 1883 796 1960 leserunt
820 1885 958 1981 anx,
981 1884 1137 1960 viem
1154 1906 1196 1960 ιι
1217 1885 1305 1958 lhu-

195 2023 396 2098 nessmnn·‚
432 2003 541 2098 Rure,
577 2003 717 2099 Burs,
749 2027 796 2076 ‘ue
835 2005 1065 2099 Marreaers,
1104 2003 1304 2100 Euentus,

195 2121 325 2222 aliique
347 2119 486 2221 plures,
510 2139 663 2222 qnorum
688 2121 916 2195 intemeratae
932 2120 1193 2198 ohservationes
1209 2119 1305 2196 locu·

192 2236 426 2338 pletissimum
451 2235 647 2336 largiuntur
669 2237 866 2313 medicinae
895 2237 1121 2335 thesaumm,
1144 2275 1195 2296 -υ
1218 2264 1305 2340 quo-

192 2380 275 2428 rum
298 2367 457 2428 meturae
473 2352 677 2430 reflexiones
693 2353 878 2428 utilissima
902 2370 978 2457 pro·
994 2355 1187 2430 extruendo
1213 2355 1305 2428 aedi-

191 2475 272 2550 licio
313 2477 506 2551 scientifico
544 2475 812 2552 subministrant
842 2475 1035 2573 elementa,
1068 2519 1120 2534 -
1149 2497 1302 2578 quonam

191 2593 425 2704 exemplaria,
449 2619 513 2697 per
537 2607 710 2696 quantum
726 2593 818 2671 vires
835 2594 976 2692 sinunt,
1000 2594 1098 2698 sequi
1116 2619 1157 2667 ac
1173 2591 1304 2666 imitari

189 2711 408 2788 conabimur.
1041 2799 1044 2804 Ι
1183 2807 1188 2820 ι

242 2827 447 2928 Spemimus
471 2827 700 2926 medendum,
724 2849 832 2929 quam
856 2827 1024 2902 neoterici
1048 2827 1193 2928 quidam
1217 2825 1303 2898 scri·

191 2961 312 3048 ptores
336 2949 375 3020 in
400 2949 660 3022 commentariis
685 2947 819 3020 clinicis
843 2961 928 3020 sunt
951 2944 1119 3046 amplexi3
1138 2945 1235 3017 illam
1251 2957 1306 3018 ut·

192 3077 299 3164 pote,
323 3089 394 3166 qua
419 3059 575 3138 sutilium
590 3063 843 3164 hypothesium
860 3059 1154 3156 discursionibus,
1170 3059 1301 3134 nullius

192 3182 322 3258 valoris
345 3179 597 3260 subtilitatibus
622 3197 728 3284 etque
752 3181 940 3283 sophismis
953 3229 963 3279 ,
978 3181 1140 3284 propriae
1155 3205 1303 3284 praxeos

192 3301 315 3403 putida
341 3297 466 3396 laude,
500 3299 649 3374 aliorum
674 3301 876 3400 vituperio,
900 3325 941 3374 ac
970 3299 1306 3374 latuismorborum

191 3417 319 3492 millies
343 3417 602 3520 descriptonrm
626 3417 780 3492 lristoriis
797 3419 969 3520 patientes
985 3417 1138 3521 pagellas
1159 3417 1306 3518 implere

190 3533 345 3612 student
362 3531 534 3610 Nonnulli
549 3533 654 3636 plane
671 3551 915 3638 praeceptores
925 3589 938 3636 ,
948 3578 999 3594 -
1012 3535 1096 3610 heu!
1113 3538 1208 3638 piget
1223 3537 1307 3612 ella-

190 3655 241 3752 ri,
257 3681 309 3710 -¹-
324 3653 467 3755 propria
483 3653 682 3730 divendant
699 3655 1028 3757 jura‚propriesque
1044 3653 1305 3730 οἰιιειιιῐὶοιιυι

190 3787 226 3847 et
251 3771 494 3874 ephemerides
519 3770 663 3846 clinicae
688 3770 828 3846 medico
853 3771 1020 3874 adjutori,
1042 3771 1101 3847 rel
1125 3771 1305 3872 discipulis

188 3885 381 3962 exarandus
396 3888 633 3978 committunt
658 3889 713 3962 An
737 3888 898 3963 modesta
922 3885 1221 3984 ὶνιππιιθιιὸτητος
1246 3887 1307 3962 καὶ

188 4001 322 4098 riculae
345 4005 580 4102 conscientia,
604 4027 651 4079 sn
676 4007 821 4104 astutia,
845 4032 892 4079 an
916 4031 1083 4080 censurae
1107 4019 1242 4099 metus,
1260 4027 1306 4076 an

189 4117 349 4195 studium
374 4122 467 4195 vitae
482 4119 592 4219 lenis,
604 4119 812 4199 laborumve
828 4123 1045 4224 impatientia
1060 4119 1233 4222 ejusmodi
1249 4119 1304 4190 in·
1443 4189 1445 4194 ,

188 4237 333 4340 dignam
359 4243 652 4317 consuetudinem
674 4243 927 4339 introduxerit,
958 4241 1100 4318 difficile
1121 4240 1234 4314 dicem
1255 4283 1306 4298 -·

119 4411 123 4420 .
190 4355 305 4460 liujus
332 4364 404 4461 jam
428 4361 563 4460 generis
583 4360 729 4436 'scribae
764 4360 903 4434 nullum
940 4359 1037 4433 aliud
1065 4383 1149 4432 sane
1188 4359 1318 4456 generi·

194 4473 353 4558 humane
390 4475 556 4556 adruunt
591 4477 893 4582 emolumentum,
917 4477 985 4552 nisi
1010 4473 1107 4580 qnod
1146 4471 1305 4578 regressi

240 4669 254 4721 l
