3252 5166
336 303 406 376 1⁰6

328 363 392 521 pir
416 419 636 522 superficiem
660 418 817 521 corporis
841 433 1101 522 prorumpunt,
1124 422 1250 522 pyuria
1276 447 1361 494 vero
1385 447 1441 508 ro,

328 537 490 610 centibus
515 537 611 612 lriscc
631 536 773 636 turbis,
792 539 886 611 vices
911 539 1011 639 quasi
1034 537 1237 638 agentibus,
1260 539 1440 639 extemplo

328 655 545 756 dissipatur,
568 656 750 728 urinarum
772 653 870 733 lluxu
896 669 933 729 et
956 655 1152 756 qualitate,
1184 668 1226 730 ut
1259 657 1297 728 in
1332 659 1439 730 sanis:

326 774 495 850 Vesicuns
518 771 656 872 largum
682 774 811 848 tumori
835 773 970 848 dolenti
994 773 1199 870 admotum,
1223 787 1328 873 atque
1353 801 1438 846 usus

327 892 495 972 adsiduus
520 891 701 992 Squillae,
725 891 850 966 radicis
875 889 1064 993 Polygalae
1088 893 1268 992 Senegae,
1292 905 1329 964 et
1354 891 1438 992 pul-

327 1035 452 1084 verum
477 1011 643 1105 Dowen',
678 1008 832 1088 decoctis
867 1009 1154 1108 mucilaginosis,
1188 1023 1225 1083 et
1259 1013 1438 1082 nutriente

326 1127 441 1210 diaeta
466 1111 688 1206 intermixtus
712 1155 755 1202 eo
780 1128 924 1202 tandem
939 1129 1134 1229 perduxere
1149 1142 1280 1202 statum
1298 1155 1438 1222 rerum,

326 1259 368 1322 ut
391 1271 518 1344 aeger,
542 1249 614 1347 jam
638 1243 820 1322 Silioemio
854 1249 1062 1347 proximus,
1096 1245 1143 1320 ab
1176 1247 1342 1324 omnibus
1378 1249 1435 1318 in-

327 1357 521 1439 conunodis
563 1361 729 1442 liberatus
767 1362 954 1464 (splenem
988 1389 1158 1464 magnum
1191 1365 1221 1438 si
1257 1366 1437 1464 excipias)

325 1481 384 1557 die
410 1509 442 1556 n.
468 1483 584 1560 Martii
609 1480 720 1556 laetus
746 1497 783 1558 et
816 1508 926 1556 ovans
960 1483 1122 1584 proprios
1146 1483 1288 1584 petierit
1318 1484 1435 1554 Lares.

325 1601 541 1680 Admiranda
565 1627 650 1676 sane
674 1614 750 1678 eret
774 1615 828 1675 tut
852 1601 1026 1676 malorum
1057 1601 1161 1700 ilias,
1192 1601 1435 1676 haemorrhoi-

328 1719 416 1796 dum
451 1721 615 1816 vesioae,
650 1719 850 1816 ischuriae,
884 1718 1139 1821 pleurodyniac
1172 1720 1437 1817 rheumaticae,

325 1841 475 1938 gononci
499 1840 631 1936 semsi,
653 1839 884 1939 emplrraxeos
908 1851 945 1912 et
968 1840 1213 1939 parectamntis
1239 1839 1437 1934 viseerum,

326 1960 469 2056 escitis,
492 1973 598 2060 atque
623 1957 823 2060 dyscrasiae
836 1959 1046 2060 purulentae
1071 1987 1154 2034 eum
1180 1959 1436 2044 secretionibus

326 2078 458 2172 variis,
481 2078 520 2151 in
544 2078 660 2151 vesica
677 2079 864 2177 (pyuria),
889 2079 928 2154 in
942 2077 1170 2179 pulmonibus
1186 2077 1392 2179 (pyoptysis
1402 2083 1437 2170 l,

326 2199 365 2270 in
390 2211 471 2272 cute
495 2196 658 2296 (eruptio
682 2195 963 2293 furuncularis),
987 2211 1024 2270 et
1046 2195 1136 2271 febri
1161 2195 1321 2292 tabifica,
1344 2222 1435 2296 quae

326 2315 444 2399 omnia
469 2314 658 2415 ancipitem
683 2315 776 2412 aegn'
806 2328 937 2390 sortem
972 2313 1118 2390 reddere
1152 2315 1346 2388 necessario
1371 2313 1435 2386 de·

326 2431 485 2506 buerant
515 2433 552 2504 Si
586 2456 671 2505 vero
699 2445 818 2505 ,totam
854 2430 1030 2506 malorum
1053 2445 1216 2506 catenam
1240 2428 1434 2533 quidquam

324 2551 478 2623 curatius
505 2547 781 2650 perpendimus,
810 2563 973 2623 mutuam
1010 2549 1189 2650 quandum
1225 2547 1434 2622 relationem

323 2669 572 2764 inveniemus,
595 2667 643 2740 ita
668 2681 710 2742 ut
744 2667 774 2740 si
808 2692 881 2742 non
912 2681 1070 2762 cuncta,
1106 2665 1238 2740 saltem·
1266 2665 1434 2766 pleraque

330 2783 488 2886 ejusdem
512 2773 639 2860 radicis
662 2784 817 2860 stolones
845 2784 1060 2866 viderentur.
1096 2787 1280 2876 Quaenam
1314 2797 1434 2856 autem

327 2904 423 2982 labes
449 2905 596 3003 genitrix
620 2903 744 3000 bresit,
769 2917 806 2977 ot
829 2903 942 3005 qualis
964 2903 1056 2978 mur
1080 2909 1155 3004 ejus
1179 2901 1318 2979 soboles
1342 2901 1433 2975 rela-

324 3023 375 3098 tio
400 3021 638 3121 genealogica,
662 3020 823 3095 decidere
858 3047 931 3096 non
965 3047 1087 3096 sumus
1121 3021 1206 3096 ausi.
1238 3019 1435 3096 Concilian-
1486 3031 1490 3038 ’

328 3142 382 3214 dis
407 3141 562 3214 theoriae
604 3139 797 3215 humoralis
835 3140 1019 3236 osoribus,
1047 3167 1089 3214 ae
1122 3139 1310 3242 pluribus,
1343 3165 1434 3240 quae

325 3257 633 3358 cacoclryrniarum
658 3257 860 3330 existentiae
885 3258 1018 3358 opponi
1042 3255 1190 3353 volunt,
1219 3253 1335 3330 dubiis
1360 3254 1432 3328 dis·

324 3373 479 3474 sipandis
504 3374 662 3474 adprime
686 3371 855 3448 idoneum
880 3401 1002 3448 cesum
1018 3374 1144 3470 fuisse,
1164 3371 1432 3446 arbitrabamur.

372 3495 575 3597 versipellis
611 3493 811 3596 hysterisna‘
845 3497 1044 3597 speciosum
1084 3495 1262 3596 exemplar
1301 3492 1434 3570 obtulit

324 3609 474 3708 femina,
501 3637 546 3684 no
577 3637 688 3685 annos
725 3637 852 3712 agens,
891 3612 1015 3687 decem
1055 3626 1220 3688 natorum
1253 3625 1372 3712 mater,
1396 3623 1434 3685 ct

323 3732 461 3827 nutrix,
485 3731 732 3831 irregularibus
756 3730 828 3804 sere
852 3757 917 3832 per
941 3745 1057 3808 totum
1088 3731 1313 3834 prrbesomtis
1337 3729 1432 3804 ritae

325 3851 540 3926 curriculum
574 3877 637 3926 usa
671 3851 885 3948 menstruis,
926 3877 993 3925 neo
1033 3851 1109 3925 aliis
1151 3877 1331 3951 unquam,
1365 3849 1433 3922 nisi

325 3970 491 4062 uterinis,
515 3967 647 4042 morbis
671 3969 832 4044 obnoxia.
857 3971 1007 4044 Ineunte
1031 3995 1125 4044 anno
1162 3971 1255 4043 1818
1286 3967 1433 4068 corripi·

324 4103 383 4163 tur
407 4079 603 4182 carebaria,
619 4113 766 4188 coryza,
783 4085 984 4188 dyspnoea,
1008 4101 1114 4188 atque
1137 4085 1343 4188 impetuosis
1361 4097 1433 4158 tus-

323 4208 434 4282 siendi
460 4205 656 4281 conatubus
669 4261 679 4302 ,
694 4207 760 4280 sub
777 4205 905 4307 quibus
921 4208 1098 4306 sauguinis
1115 4207 1196 4307 puri
1216 4220 1253 4280 et
1273 4205 1433 4306 spumosi

325 4327 446 4398 uncias
470 4325 569 4424 quasi
594 4323 718 4398 decem
742 4326 866 4425 ejecit,
890 4327 976 4426 quin
1001 4325 1133 4421 aliam,
1167 4338 1306 4427 praeter
1340 4337 1434 4398 cata·

323 4443 440 4520 menia
477 4447 548 4542 jam
582 4469 603 4516 a
637 4467 697 4526 sert
738 4442 918 4524 mensibus,
952 4469 1157 4548 suppressa,
1183 4455 1228 4545 ,et
1262 4442 1432 4545 spaucis
