3264 5194
312 349 379 398 roo
708 395 712 404 ,

303 442 521 548 aliorumque
536 445 821 520 exanthematum
838 443 935 523 hand
951 469 1050 540 rare,
1073 443 1166 517 ultro
1184 441 1411 516 corroborare

302 565 436 665 juvent
453 564 614 638 Fortasse
631 577 667 636 et
681 563 758 664 ipsa
780 561 986 636 morborum
1002 560 1304 635 rheumaticorum
1319 585 1414 636 sum·

300 707 360 756 ma
390 681 584 786 frequentia
619 680 664 754 ab
701 681 825 756 eadem
860 707 965 754 cansa
1000 671 1263 782 quodammodo
1301 680 1413 778 repeti

298 813 440 901 potest,
475 803 504 874 si
539 801 634 874 enim
671 799 897 873 membranae
931 821 1070 872 semeae
1101 797 1212 895 magis
1247 807 1412 868 actuosae

299 943 374 990 csse
398 916 550 1015 debent,
585 930 625 989 ut
654 916 873 1018 promptiore
902 917 1096 988 secretione
1126 927 1163 986 et
1187 912 1419 1013 absorptione,

298 1032 543 1133 aequilibrium
578 1033 816 1111 desideratum
846 1033 1062 1128 sustineant,
1098 1044 1330 1132 avertantque
1354 1031 1410 1104 fu·

296 1162 412 1222 nestas
424 1149 582 1251 sequelae
599 1155 692 1252 justo
710 1149 889 1228 viridioris
906 1148 1208 1252 hydrogeneseos,
1225 1173 1285 1222 eas
1302 1149 1410 1224 etiam

298 1290 318 1338 a
342 1264 532 1342 levioribus
558 1268 671 1340 causis
696 1263 831 1338 facilius
856 1265 989 1340 offendi
1013 1291 1138 1368 posse,
1162 1266 1252 1338 ratio
1276 1265 1411 1339 suadet

348 1381 519 1485 Snrgnlari
537 1381 682 1458 taudem
698 1385 900 1483 mentione,
915 1387 1008 1464 inter
1024 1384 1167 1459 morbos
1184 1383 1408 1482 verruculae,

296 1503 401 1606 digna
425 1519 479 1580 est
502 1504 665 1607 specifica
689 1502 750 1580 illa
774 1505 959 1604 cachexia,
979 1505 1177 1608 pellogmc,
1199 1505 1273 1577 sire
1290 1503 1406 1604 lcpme

297 1619 562 1722 longobardicae
584 1623 728 1698 nomine
752 1636 859 1722 nota,
884 1650 974 1725 qnae
999 1631 1070 1727 jam
1095 1615 1250 1698 emedio
1267 1621 1430 1698 sacculo*

298 1740 418 1842 elapso
451 1741 491 1814 in
525 1741 629 1816 variis
664 1739 847 1816 Insubriae
871 1743 1073 1816 Austriaoae
1099 1741 1311 1842 provinciis,
1335 1764 1409 1811 ma·

297 1858 390 1930 nime
406 1858 445 1932 in
465 1855 688 1956 Bellunensi,
711 1858 902 1956 Patavina,
919 1856 1195 1952 Mediolanensi,
1221 1856 1408 1954 Comensi,

294 1976 333 2050 in
346 1974 546 2074 Ticinensi,
563 1991 599 2052 et
614 1975 818 2078 limitropho
842 1975 1062 2052 Laumellina
1078 1976 1277 2050 successivo
1302 1999 1409 2076 passu

295 2092 430 2169 radices
456 2095 530 2170 fixit
539 2147 554 2187 ,
589 2109 696 2197 atque
723 2094 953 2172 utilissimam.
970 2092 1206 2169 habitantium
1231 2105 1409 2168 mantuam

295 2208 371 2285 dire
395 2211 618 2311 permulctat

345 2325 505 2402 Obscum
530 2327 636 2431 butus
671 2325 788 2404 morbi
824 2329 969 2430 vestigia
1005 2335 1077 2432 jam
1111 2354 1205 2403 anuo
1236 2325 1328 2430 1578
1353 2327 1408 2399 in·

295 2445 509 2543 veniuntur,
532 2470 604 2546 quo
629 2445 870 2526 venerandum
897 2445 1100 2548 Capitulum
1115 2445 1319 2520 Nosoeomii
1337 2443 1409 2518 lle·

294 2562 506 2640 diolanemis
531 2561 654 2639 omues
679 2564 779 2662 illos,
804 2567 915 2667 recipi
940 2567 1040 2668 jussit
1064 2591 1184 2666 aegros
1195 2619 1206 2664 ,
1230 2562 1295 2637 cire
1319 2589 1408 2638 sono

293 2679 434 2779 msenni
455 2681 494 2756 di
507 2680 694 2758 Pellamlla
704 2735 719 2776 ‚
743 2697 831 2760 etot
848 2725 899 2746 *-
914 2685 1050 2756 Primus
1067 2684 1228 2756 notiones
1244 2679 1407 2758 indubias

294 2825 380 2877 vero
404 2799 574 2877 debemus
597 2799 798 2879 Fmromro
823 2815 860 2876 et
885 2803 1094 2899 Ouoanoro,
1127 2827 1281 2903 quomm
1311 2802 1409 2901 prior

294 2947 427 2998 novam
450 2922 584 2998 bencoe
610 2921 748 2998 cladem
773 2925 811 2997 iu
835 2921 1023 2998 Provincia
1043 2919 1296 2996 Mediolanensi
1313 2945 1409 2995 arrno

302 3065 417 3142 1771,
441 3038 530 3116 alter
553 3043 591 3114 in
606 3040 809 3114 Bellnnensi
826 3067 921 3115 anno
943 3039 1037 3142 1776
1059 3035 1280 3132 observavit,
1303 3051 1409 3138 atque

295 3155 489 3257 descripsit
513 3157 557 3231 In
580 3183 704 3257 apum
729 3157 954 3232 Ticinensem
979 3154 1133 3257 pellagra
1164 3179 1238 3228 non
1267 3153 1409 3234 videtur

295 3273 495 3372 irrepsisse,
519 3273 587 3344 nisi
612 3274 705 3348 cirea
729 3301 864 3346 aunum
895 3275 1011 3376 1784,
1035 3299 1107 3374 quo
1132 3269 1258 3345 saltem
1281 3272 1320 3348 in
1338 3271 1409 3346 No·

192 3381 196 3386 ’
295 3389 452 3462 encomio
477 3389 589 3463 civico
613 3392 728 3490 prima
753 3393 827 3466 visa
844 3391 942 3464 fuere
963 3389 1173 3491 exemplaria
1190 3388 1304 3463 morbi
1322 3403 1408 3462 tunc

296 3503 413 3578 adhue
443 3507 577 3604 ignoti,
610 3505 667 3581 vel
705 3507 830 3584 saltem
864 3533 938 3583 non
963 3507 1161 3606 observati,
1186 3533 1269 3582 curn
1294 3531 1407 3580 noea

296 3621 493 3721 Bouraruo,
528 3647 594 3696 nec
632 3650 652 3698 a
689 3625 843 3702 T-rssoro
879 3627 1096 3700 metationem
1132 3625 1260 3699 laetam
1298 3625 1406 3700 luisse

297 3753 446 3815 oortstat.
1160 3754 1164 3762 ’

345 3859 474 3934 Dolosa
509 3885 584 3936 esse
618 3859 734 3937 solent
764 3863 879 3938 morbi
913 3861 1107 3960 initiantis,
1137 3877 1179 3938 et
1198 3861 1408 3964 plerumque

298 3978 498 4054 clanculum
521 3980 706 4084 irrepentis
729 3982 931 4086 primordia.
960 3985 1116 4086 Adparet
1145 3985 1290 4058 ineunte
1325 4009 1409 4058 vere

297 4097 364 4172 eub
399 4097 577 4172 schemate
608 4099 837 4200 erytlrematis
872 4101 1017 4198 solaris,
1050 4145 1101 4164 -ι
1135 4100 1231 4176 unde
1266 4098 1408 4199 vulgare

297 4241 429 4291 nomen
453 4217 536 4290 Mat
556 4218 614 4291 det
637 4217 739 4315 Sole,
762 4233 865 4293 —et
887 4220 1032 4322 quidem
1055 4211 1093 4292 in
1118 4217 1187 4291 illis
1212 4217 1408 4318 superficiei

299 4346 466 4406 cntancae
497 4333 603 4432 locis,
637 4362 727 4436 quae
763 4339 857 4434 seit,
891 4336 1043 4438 solisque
1080 4335 1208 4410 ictibus
1237 4335 1408 4408 coritium

298 4465 541 4554 exponuntur,
566 4454 615 4528 nti
642 4479 747 4562 super
772 4452 918 4530 dorsum
943 4480 1112 4530 manuum
1138 4467 1174 4527 ct
1190 4452 1345 4554 pedum,
1370 4453 1406 4524 in
