3148 5170
1148 348 1214 422 281

95 467 181 541 duo
207 467 395 542 vesicantia
420 467 578 538 internae
604 459 778 540 lemurum
803 467 999 567 superficiei
1024 463 1219 543 admoveto

99 599 177 657 tur.
204 585 352 684 Vesperi
376 583 624 680 ingravescunt
654 584 772 657 omnia
808 582 921 680 mala,
955 582 1077 658 alvum
1111 581 1220 657 obsti÷

101 715 192 772 nate
218 700 389 774 reclusam
416 725 529 798 neque
554 699 679 773 canula
705 700 859 774 innuisse
884 699 1035 801 amplius
1070 723 1222 774 reserare

100 818 226 913 valet,
249 843 386 892 morsus
411 819 658 891 intestinorum
688 841 752 918 per
788 820 884 894 vices
921 821 971 892 ita
1006 820 1157 915 intensi,
1181 833 1223 891 ut

104 962 215 1032 aeger
240 934 411 1034 ejularet,
434 949 471 1007 et
508 933 727 1010 volutaretur
767 963 831 1038 per
871 935 1024 1034 lectum,
1059 937 1223 1009 extremis

108 1053 265 1151 frigidis,
288 1051 390 1126 vultu
415 1051 603 1124 miserabili
629 1067 665 1126 et
689 1051 977 1154 desperabundo,
992 1079 1034 1126 ac
1054 1047 1222 1126 ineffabili

110 1173 290 1245 anxietate
327 1173 517 1244 instantem
552 1174 658 1246 crisin
692 1173 867 1248 funestam
900 1173 1068 1247 indicans.
1107 1173 1221 1247 Media

107 1303 218 1363 nocte
242 1288 433 1362 suffocatus
459 1287 556 1363 obiit

512 1597 515 1604 ,
547 1540 786 1600 trtctoscorrt.

166 1749 368 1832 Aretissima
393 1748 555 1834 cohaesio
578 1761 672 1834 irrter
695 1761 822 1835 duram
838 1753 1058 1863 meningem,
1073 1779 1223 1838 osseam·

108 1903 181 1978 que
207 1876 482 1973 mecam31evis
517 1878 697 1954 exsudatio
721 1879 939 1981 lymphatica
970 1905 1077 1980 super
1101 1879 1222 1952 arach-

109 1997 297 2094 noideam3
320 1999 400 2098 piae
424 1999 546 2072 matris
571 2007 607 2072 et
641 2024 775 2072 massae
806 1998 991 2072 cerebralis
1021 2023 1104 2074 vasa
1140 2013 1221 2071 san-

110 2117 217 2216 guine
251 2116 376 2216 plena,
408 2117 447 2190 in
485 2116 658 2218 plexubus
683 2117 879 2200 clroroideis
903 2117 1117 2219 ltydatides,
1152 2111 1221 2190 illis

112 2235 255 2335 penitus
279 2234 430 2330 similes,
454 2254 541 2336 quas
567 2241 637 2336 jam
664 2236 702 2308 in
732 2234 892 2336 pluribus
921 2226 1095 2309 defunctis
1120 2261 1221 2334 repe*

110 2353 245 2448 rimus,
267 2351 418 2451 ideoque
442 2371 509 2453 pro
522 2351 756 2430 ⁴vasculorum
778 2351 1077 2454 lymplaaticorum
1099 2355 1222 2430 tanci-

110 2463 178 2540 bus
202 2465 352 2542 habitae.
377 2469 421 2540 In
452 2467 594 2544 thorace
628 2469 680 2542 nil
714 2459 913 2568 abnormis,
946 2485 1086 2572 praeter
1118 2483 1220 2546 tetu-

115 2600 210 2659 stam
245 2587 507 2661 concretionem
543 2586 730 2688 pulmones
770 2578 864 2661 inter
905 2602 941 2662 et
980 2589 1164 2689 pleuram,
1200 2613 1220 2661 a

111 2703 303 2803 perpessis,
329 2708 370 2776 ut
393 2703 599 2799 videbatur,
622 2705 921 2804 peripneumoniis
950 2703 1118 2777 relictam.
1140 2706 1222 2777 Dia-

112 2819 280 2918 plrragma
305 2811 377 2892 lere
401 2819 439 2891 in
475 2819 633 2894 medium
672 2819 824 2895 thoracis
861 2819 994 2895 elatum
1032 2819 1219 2921 pulmones

113 2934 194 3007 inde
231 2936 269 3008 in
300 2936 584 3035 angustissimum
624 2937 777 3037 spatium
814 2939 936 3012 coacti.
970 2937 1220 3012 Perilouaeum

114 3065 218 3152 atque
241 3052 379 3126 intenta
404 3053 605 3154 superficies
629 3055 877 3129 intestinorum
902 3053 1028 3130 coloris
1053 3055 1221 3129 rubicun-

115 3169 173 3264 di,
198 3169 281 3243 hine
305 3169 389 3244 inde
413 3169 531 3267 lividi,
555 3171 721 3246 intestina
746 3199 830 3248 vero
859 3174 1013 3248 invicem
1047 3173 1221 3272 congluti-

114 3301 214 3383 nata,
238 3287 396 3388 adeoque
422 3305 596 3389 expansa,
620 3303 661 3364 ut
684 3291 817 3391 pariete
841 3289 1056 3370 abdominali
1080 3291 1140 3366 vix
1168 3293 1221 3365 iu-

116 3405 186 3477 ciso
211 3403 302 3477 loras
326 3405 637 3504 protruderentur,
661 3407 812 3480 maxime
843 3405 947 3482 colon
981 3421 1224 3484 transversum

118 3534 151 3592 et
174 3519 407 3618 descendens,
430 3521 535 3597 variis
569 3524 754 3596 tamenin
784 3522 870 3598 losis
905 3523 1097 3598 arctissime
1133 3550 1219 3599 con-

119 3653 235 3712 tracta.
259 3639 472 3741 Praecipuae
496 3641 680 3716 stricturae
705 3639 802 3715 luere
826 3642 920 3717 luter
935 3641 1090 3718 duodeni
1113 3644 1222 3718 finem

118 3774 151 3833 et
174 3758 282 3861 jejuni
307 3759 542 3860 principium,
576 3759 623 3836 ad
646 3761 875 3836 insertionem
898 3758 960 3836 ilci
983 3763 1022 3835 in
1051 3787 1220 3858 coecum,

119 3875 255 3950 incolo
281 3875 533 3974 adscendente,
563 3877 656 3952 inter
685 3877 789 3954 colon
823 3893 1062 3956 transversum
1091 3907 1132 3954 ac
1157 3880 1220 3953 de·

118 3993 303 4089 scendens,
329 3995 471 4070 tandem
496 3995 542 4071 ad
566 4011 793 4072 curvaturam
816 3997 1053 4098 sigmoideam
1078 3999 1235 4072 Intesti-.

118 4137 241 4186 norum
266 4113 450 4188 arrlractus.
469 4114 557 4188 eitra
581 4137 717 4190 morem
742 4116 916 4212 contorti,
931 4115 1071 4189 tunicae
1088 4115 1221 4186 incras-

119 4243 208 4303 satae
233 4244 270 4304 et
306 4229 478 4328 callosae,
514 4229 576 4304 ubi
617 4232 781 4306 strictura
822 4230 942 4308 locum
983 4229 1116 4304 babuit
1141 4229 1224 4301 Per-

120 4363 245 4448 puncta
270 4350 423 4450 quadam
448 4370 532 4426 orna
557 4349 768 4448 intestinali,
791 4359 850 4424 aer
875 4347 1123 4424 foetidissimas
1140 4373 1248 4438 euru¹

119 4469 247 4572 impetu
272 4468 456 4572 prodibat,
480 4484 533 4546 ast
557 4495 630 4548 nou
655 4469 859 4548 considebat
882 4468 964 4546 inde
980 4469 1048 4544 nisi
1070 4493 1110 4544 ea
1127 4465 1223 4563 sola,
