3264 5194
1248 389 1313 469 ¹⁰7

208 486 395 564 viridiores
420 487 635 581 mactiones,
670 481 716 558 ab
740 479 965 558 irritamentis
995 499 1172 561 caeterum
1202 488 1321 566 urium

206 609 470 716 betemgeneis,
493 607 700 680 concitatur.
724 604 790 678 Ast
812 629 928 712 neque
961 603 1020 678 hie
1050 605 1168 680 solum
1204 608 1321 682 cousi·

205 739 306 800 stunt
329 727 478 828 injuriae
503 724 577 796 cuti
601 721 768 796 infensae.
791 721 976 796 Accedunt
1004 722 1170 824 insuper:
1200 724 1321 798 sordes

206 845 299 917 cutis
321 869 386 944 per
401 842 568 943 hyemem
594 851 859 940 augmentatae,
883 851 920 913 et
934 838 1113 940 neglectus
1134 841 1321 916 munditiei

205 963 323 1038 cultus
346 965 385 1036 in
410 975 529 1062 genle,
553 985 644 1062 quae
671 958 780 1035 veluti
804 960 1024 1034 aversionem
1051 959 1259 1040 hebreorum
1284 975 1324 1036 et

207 1079 455 1178 lavacrorum,
478 1081 544 1154 etsi
570 1093 758 1182 tempestas
783 1077 929 1176 lexerit,
945 1078 1076 1154 habere
1098 1079 1255 1178 videtur,
1270 1066 1321 1140 ·-'-·

205 1221 370 1298 agrorum
394 1212 431 1272 et
453 1211 638 1298 pratorum
660 1197 891 1292 stercoratio,
906 1221 972 1270 ceu
996 1196 1152 1297 primum
1169 1210 1206 1271 et
1222 1221 1323 1298 prae·

204 1318 353 1419 cipuum
383 1314 615 1416 agricolarum
649 1339 801 1411 munus,
840 1315 940 1416 quod
979 1313 1156 1390 exantlata
1191 1311 1321 1390 bruma

203 1457 365 1522 exercerc
389 1433 519 1532 solent,
534 1471 586 1490 -··
600 1435 753 1532 insignes
771 1443 808 1507 et
828 1434 1021 1526 continuae
1044 1435 1322 1535 vicissitudines,

202 1552 332 1656 quibus
356 1553 484 1654 exponi
515 1566 717 1651 coguntur,
751 1547 862 1627 morlo
897 1554 992 1626 enim
1028 1551 1129 1628 molli
1164 1557 1325 1656 Austro,

202 1668 312 1748 motio
338 1697 462 1772 aspero
486 1670 661 1772 Aquilone
677 1669 815 1773 perflati
832 1727 842 1768 ,
858 1672 966 1747 modo
983 1667 1143 1782 pluviis,
1162 1673 1322 1776 nebulis,

201 1810 306 1885 rore,
328 1789 550 1890 propriisque
574 1787 762 1863 sudoribus
785 1787 994 1888 madefacti,
1015 1792 1123 1866 modo
1147 1791 1320 1868 solaribus

202 1905 309 1980 radiis
333 1905 482 2006 perusti,
506 1918 588 1980 utut
611 1905 702 1982 duro
727 1905 772 1981 de
797 1905 924 1982 robore
948 1911 1051 2004 nati,
1074 1923 1147 1982 tam
1173 1935 1318 2010 magnas
1402 1897 1404 1902 ’

168 2115 171 2123 ¹
201 2025 416 2099 mutationes
441 2023 574 2126 absque
597 2023 812 2100 detrimento
845 2027 1007 2128 perferre-
1032 2043 1242 2128 nequeunt,
1265 2069 1317 2088 -

203 2145 348 2220 tandem
372 2169 503 2245 pravus
527 2142 589 2219 ille
612 2171 713 2242 mos,
736 2155 849 2222 totarn
874 2145 969 2220 diem
985 2147 1023 2218 in
1040 2147 1131 2246 agris
1147 2147 1213 2222 sub
1230 2145 1315 2223 diro

202 2261 435 2362 transigendi,
458 2261 638 2366 ipsiusque
664 2261 754 2338 Solis
788 2263 973 2338 meridiani
1013 2259 1188 2339 ierrerrtcs
1224 2267 1317 2341 ictus

205 2377 406 2482 spernendi.
1071 2461 1074 2467 A
1410 2465 1413 2474 λ

249 2497 352 2573 Licet
375 2495 436 2572 tali
462 2495 571 2574 morlo
606 2511 704 2573 extra
738 2493 968 2576 dubitationis
1009 2497 1123 2574 aleam
1158 2500 1316 2603 positum

200 2617 268 2714 ait,
292 2616 545 2718 apricationem
576 2643 735 2692 vernam·
752 2616 983 2719 principalem
1019 2619 1140 2692 sistere
1174 2643 1317 2691 causam

200 2731 432 2833 erytbematis
457 2731 551 2806 illius
575 2734 769 2834 squamosi,
803 2759 894 2834 quae
919 2734 1117 2836 specificam
1141 2732 1317 2834 pellagrae

200 2847 352 2924 sormam
376 2847 486 2924 efficit
501 2905 511 2947 ,
528 2848 703 2950 simulque
720 2849 920 2950 complures
937 2872 1146 2922 concurrere
1169 2851 1318 2922 eircum-

200 2967 367 3064 stantias,
392 2993 483 3068 quae
508 2981 663 3068 systema
688 2967 923 3041 dermaticum
948 2965 995 3040 ad
1025 2965 1114 3041 Solis
1143 2965 1318 3042 iniluxuru

200 3087 399 3186 promptius
441 3100 478 3160 et
514 3086 653 3186 gravius
689 3085 955 3188 percipiendum
998 3087 1107 3186 magis
1148 3086 1317 3162 idoneum

200 3203 372 3302 reddunt3
394 3247 446 3262 ·-
470 3231 747 3307 praeproperum
782 3221 902 3280 tamen
943 3205 1035 3280 foret
1074 3205 1270 3308 judicium,
1294 3229 1315 3280 a

199 3320 276 3396 sola
299 3322 408 3398 hacce
438 3322 607 3425 prophasi
642 3325 842 3398 universam
878 3323 1053 3406 diatlresin
1087 3323 1317 3420 morbosam,

198 3439 274 3514 sive
298 3441 500 3542 specificam
522 3439 621 3515 illam
650 3441 952 3542 metamorphosin
987 3465 1172 3542 processus
1209 3466 1310 3541 orga-

198 3559 455 3663 nico-plastici,
485 3587 576 3663 quae
617 3560 732 3637 morbi
769 3563 957 3635 essentiam
991 3562 1119 3662 ponit,
1153 3576 1311 3663 repetere

199 3677 299 3754 velle.
324 3677 427 3752 llanc
451 3677 600 3780 alonge
625 3677 701 3752 aliis
731 3680 844 3753 causis
879 3679 1038 3754 derivare
1079 3677 1133 3753 sas
1169 3693 1245 3776 est,
1275 3693 1313 3753 et

199 3793 344 3897 quidem
368 3823 388 3869 a
413 3795 605 3892 localibus,
635 3797 710 3870 sive
752 3795 936 3869 climaticis
976 3795 1120 3896 potius,
1160 3819 1313 3896 quama

198 3915 380 4010 cosmicis,
404 3929 578 4016 quatenus
603 3914 649 3989 de
679 3915 864 3990 endemico
892 3915 1007 4014 agitur
1039 3913 1194 4013 morbo,
1218 3939 1313 3987 -a

197 4031 437 4111 materialibus
461 4033 607 4136 potius,
631 4059 739 4136 quam
764 4033 961 4134 dynamicis
986 4045 1023 4106 et
1047 4029 1311 4132 imponderabi-

196 4147 307 4246 libus,
323 4163 497 4252 quatenus
513 4149 666 4254 pellegra
683 4177 757 4227 non
778 4149 886 4226 solius
909 4151 1021 4248 cutis,
1042 4149 1106 4224 sed
1128 4151 1313 4223 orrircrsae

197 4269 424 4344 oeconomiae
449 4265 634 4365 animulis,
658 4291 731 4345 non
756 4269 994 4366 irreitntionis,
1023 4267 1087 4344 sed
1120 4267 1312 4366 vegetatio-

196 4383 252 4457 nis
277 4383 394 4462 labem
419 4386 518 4464 sistit
544 4384 713 4464 Insolatio
746 4387 866 4491 itaque
904 4385 956 4464 nil
991 4386 1059 4462 nisi
1095 4409 1239 4488 germen
1274 4385 1312 4458 in
