3148 5170
332 315 404 386 238

378 428 543 504 Felicitan
577 437 876 511 iutemiittentium
911 435 1031 534 urgens
1063 448 1139 508 erat
1163 453 1355 528 numerus,
1395 436 1450 506 ita

327 569 369 626 ιιι
394 555 466 628 fere
492 553 714 629 medietatem
742 553 949 627 morborum
972 553 1160 628 obviorum
1176 554 1448 627 constituerent

327 675 426 746 Inter
451 699 512 746 eas
542 699 676 774 paucae
705 674 955 774 ᾳιιοιιιὶἰιιιιιιε,
990 669 1163 772 plurimae
1193 675 1382 766 tertianae,
1409 683 1450 742 et

327 795 473 894 quidem
497 796 534 868 in
560 795 702 870 exordio
726 793 936 896 plerumque
959 795 1181 896 duplicatae,
1204 793 1271 868 sub
1288 792 1447 867 decursu

257 949 260 956 ’
326 915 364 986 in
388 915 559 1014 simplicis
583 911 641 986 vel
665 927 811 1014 sponte,
836 911 894 985 vel
918 912 1128 1012 sulliagunte
1155 911 1329 986 medicina
1353 937 1444 986 con³

326 1057 457 1104 versae.
492 1032 562 1104 Vix
596 1057 668 1104 non
704 1057 825 1104 onmes
861 1031 898 1105 id
928 1030 994 1103 sibi
1030 1033 1171 1130 privum
1212 1029 1446 1125 babuesuut‚

326 1149 422 1250 quod
460 1177 691 1250 paroxysmos
718 1149 892 1224 dirissima
926 1147 1161 1223 comitabatur
1197 1148 1442 1250 cephalalgia,

326 1291 481 1366 eousque
507 1268 720 1366 perdurans,
744 1267 859 1341 donee
883 1267 1034 1340 blandus
1059 1268 1167 1342 sudor
1190 1267 1350 1341 febrilem
1366 1267 1445 1368 pla-

326 1397 469 1458 caverat
492 1397 648 1476 aesturn3
673 1397 710 1458 et
739 1383 838 1483 quod
872 1383 1056 1458 character
1085 1389 1259 1483 gestirem
1293 1411 1353 1458 eas
1379 1413 1443 1459 eo-

325 1489 536 1596 mitabatur,
561 1501 629 1574 boe
654 1527 774 1576 mense
800 1499 889 1574 adeo
914 1501 1065 1600 vulgaris
1083 1515 1124 1575 ιιι
1138 1503 1244 1576 etiam
1257 1501 1443 1603 plerisque

193 1619 195 1624 ’
325 1616 481 1692 febribus
505 1619 684 1702 euritinuis
707 1618 985 1713 immisceretur,
1018 1619 1219 1720 primasque
1248 1620 1322 1693 viss
1353 1645 1443 1694 usos

324 1739 513 1836 punitores,
539 1763 621 1811 ιιιοιι
644 1735 812 1811 bilisornri
837 1736 939 1810 sorde
965 1735 1139 1810 obrueret.

334 1874 337 1882 '
376 1857 431 1928 De
455 1857 587 1954 origine
613 1871 718 1956 atque
754 1856 876 1929 nutura
904 1855 1054 1929 febrium
1080 1856 1308 1954 gastriearum
1348 1857 1443 1928 seris

326 1985 430 2070 atque
456 1974 594 2045 aestatis
620 1987 824 2073 sequentem
851 1987 991 2045 tuemur
1016 1973 1227 2072 opinionem.
1252 1973 1288 2044 Si
1314 1999 1441 2046 verum

244 2163 246 2168 ,
324 2099 378 2158 est
395 2085 513 2184 (quod
538 2088 695 2186 profecto
720 2113 825 2161 nemo
842 2088 976 2161 inficias
1001 2088 1107 2184 ibit),
1133 2089 1246 2162 febres
1271 2089 1440 2188 gastrieas

321 2201 521 2302 praedictas
546 2229 588 2274 ex
614 2203 810 2303 epidemico
835 2207 955 2300 sorite,
980 2221 1016 2280 et
1040 2207 1185 2306 quidem
1208 2208 1397 2308 speciatim
1421 2235 1441 2280 e

325 2319 585 2394 conditionibus
617 2322 778 2394 cosmicis
813 2337 849 2395 et
884 2323 1170 2424 atmosphaericis
1195 2325 1299 2420 ouri,
1323 2339 1439 2399 cessat

327 2439 441 2512 omnis
467 2439 618 2537 suspicio
644 2438 688 2511 de
712 2439 828 2540 genesi
855 2438 1019 2514 saburrae
1044 2467 1108 2542 per
1129 2443 1271 2542 ingesta.
1290 2441 1326 2515 si
1342 2441 1439 2516 ultm

323 2555 572 2658 perpendimus
597 2555 784 2631 colluviem
809 2559 1002 2658 primarum
1031 2560 1201 2635 viarume
1224 2559 1439 2638 materiebus

325 2673 515 2812 componi?
549 2701 638 2774 quae
674 2675 710 2747 in
743 2674 830 2749 tubo
855 2681 1143 2775 gusua-enterieo
1177 2693 1438 2773 secernuntur,
1538 2715 1542 2722 ·

324 2795 451 2896 pituita
477 2796 664 2890 nimirum,
699 2795 848 2870 humore
879 2799 1054 2895 enutrito,
1090 2813 1152 2872 aut
1181 2798 1272 2895 bile,
1296 2798 1438 2872 nullum

322 2913 477 3045 amplius
503 2931 661 2988 remanet
685 2916 1234 3020 dubium,causumproxima1u
1256 2921 1293 2994 in
1310 2919 1438 2995 abner
1520 2905 1524 2912 ⁵

322 3031 373 3104 mi
410 3057 575 3130 processu
611 3032 813 3108 secretionis
849 3037 1055 3135 ventriculi,
1091 3038 1339 3113 intestinorum
1374 3053 1438 3112 aut

322 3145 460 3248 hepatis
486 3177 560 3222 esse
584 3153 832 3252 quaerendam.
858 3156 1019 3255 Spectata
1044 3155 1126 3230 sede
1148 3156 1359 3233 corrditiouis
1375 3185 1438 3257 pa

321 3263 519 3363 tlrologicae
544 3267 637 3341 duas·
657 3269 902 3369 distinguimus
928 3271 1041 3344 febres
1067 3273 1230 3371 gastrieas
1265 3273 1436 3367 aestivam

321 3383 440 3480 prouti
475 3406 603 3483 nempe
639 3385 695 3458 vel
729 3386 862 3490 hepar,
897 3389 954 3463 vel
977 3390 1109 3484 fistula
1145 3406 1282 3489 gamu-
1268 3395 1435 3466 -mtenca

321 3493 443 3570 sordes
468 3497 720 3579 subministrat.
746 3505 866 3607 Hepar
889 3505 1028 3582 nullum
1054 3507 1184 3603 alium,
1216 3507 1433 3620 practerbi

319 3609 392 3684 lem
404 3631 578 3715 separat
592 3615 732 3692 laticem
743 3623 928 3724 ,ideoque
951 3651 1064 3698 omnis
1038 3623 1186 3726 seluo
1197 3613 1435 3728 gustu-lielen-

321 3733 391 3802 tiea
425 3733 491 3804 erit
502 3729 619 3831 febris
653 3677 786 3812 tiliois.
816 3741 955 3815 Canalis
983 3744 1290 3842 gastro-entericus
1314 3759 1435 3818 autem

321 3847 408 3920 duas
444 3848 645 3926 differentes
677 3851 868 3932 humorum
903 3861 1035 3959 species
1067 3861 1239 3955 secernit,
1271 3860 1436 3936 videlicet

321 3969 508 4068 pituitam,
529 3985 565 4045 et
590 3971 775 4048 humorem
800 4002 956 4050 serosum
972 4011 993 4074 ‚·
1006 3979 1195 4076 gasts-icum
1220 3977 1278 4052 vel
1302 3982 1433 4054 erueri-

319 4109 424 4179 eum3
457 4087 689 4187 quamobrem
724 4107 849 4191 sponte
869 4093 971 4169 'duae
1008 4095 1141 4196 speeies
1153 4093 1271 4195 jbbn’s
1291 4111 1432 4195 gasan*

310 4209 485 4278 -enteiicae
511 4204 743 4282 vindicantur.
768 4211 871 4285 Prior
894 4213 1248 4314 communiterfcbu's
1259 4220 1432 4318 piscosa

320 4318 439 4414 audit,
475 4319 643 4418 alteram,
669 4341 857 4424 praeeunte
883 4330 1035 4404 Srotno
1051 4385 1063 4418 ,
1075 4329 1218 4430 sebum
1241 4337 1431 4430 guaitam

319 4462 399 4511 cceu
416 4437 561 4516 seleno
578 4440 743 4545 bilp'ouni
758 4447 994 4552 appellamus,
1020 4463 1192 4552 quatenus
1209 4465 1245 4527 et
1261 4451 1429 4534 decursus
