3264 5194
1234 341 1299 420 105

185 465 252 540 tiri
276 462 395 554 labem
419 459 705 564 cacotroplrlcam
740 459 951 564 proliciunt,
985 491 1075 566 quae
1108 463 1223 542 neorii
1244 492 1301 539 rsa

182 590 354 682 sennam,
387 585 464 660 sire
505 581 769 682 conditionem,
809 597 851 656 ut
887 589 1006 683 ajout,
1039 585 1301 684 patlrologicam
1359 567 1364 572 ’
1437 583 1441 592 “

185 703 383 776 coustituit

237 822 330 894 Ante
355 818 476 893 omnia
500 813 745 911 mouendum,
767 815 981 916 pellagram,
1006 829 1088 890 utut
1118 816 1202 890 mali
1229 819 1304 918 epi-

186 940 311 1015 chorei
348 959 480 1012 nomen
517 941 594 1038 jure
629 949 827 1033 mereatur,
856 951 1029 1037 quatenus
1066 935 1305 1010 determinatis

187 1071 331 1132 tautum
356 1054 451 1154 globi
476 1055 652 1154 terraquei
676 1053 788 1153 plagis
811 1055 954 1156 propria
979 1068 1052 1150 est,
1082 1075 1305 1154 nequaquam

189 1173 330 1246 cunctis
364 1169 671 1244 indiscriminatim
706 1167 792 1243 locis
833 1183 870 1242 et
911 1169 1096 1243 homiuum
1138 1167 1305 1242 classibus

121 1325 126 1334 ·
188 1315 267 1364 esse
291 1285 465 1362 infestam.
490 1285 673 1360 Parcendo
698 1285 844 1359 urbibus
869 1286 1066 1387 populatis,
1089 1285 1136 1360 ad
1169 1287 1301 1388 oppida

186 1433 320 1510 pagos,
344 1423 382 1481 et
405 1405 507 1480 villas
531 1407 726 1480 rusticanas
741 1405 899 1506 planitiei
914 1397 1132 1508 Cispadauae
1149 1409 1300 1480 circum-

187 1527 366 1602 scribitur.
390 1525 460 1599 Sed
483 1551 551 1598 uec
574 1523 625 1597 ibi
650 1523 787 1626 aequali
811 1525 939 1598 dill'usa
965 1526 1121 1598 cernitur
1156 1549 1306 1625 propor-

188 1647 308 1743 tioue3
330 1657 415 1717 snut
439 1643 535 1717 euim
559 1639 791 1716 conductores
815 1643 1061 1744 praediorum,
1085 1638 1315 1734 commodis,

187 1792 268 1840 rem
309 1778 449 1862 agentes
492 1764 624 1858 vitam,
659 1761 839 1836 -bovitium
881 1765 1066 1859 custodes,
1107 1763 1308 1865 opiliones,

189 1881 421 1982 caprimulgi,
444 1879 616 1974 infantes,
639 1905 681 1954 ac
711 1905 812 1956 seues
847 1880 1016 1982 decrepiti
1052 1909 1072 1957 a
1109 1881 1304 1983 pcllngrosa

189 1997 251 2074 lue
274 1997 484 2099 plerumque
508 1997 693 2072 immunes.
718 1997 789 2072 Per
814 2000 1040 2074 annuentium
1070 1999 1307 2074 succumbunt
1380 2013 1384 2020 '

194 2117 390 2218 agricolae,
423 2133 461 2191 et
493 2115 559 2192 bos
591 2118 685 2191 iuter
722 2117 932 2193 creberrime
970 2119 1186 2214 locuisecae‚
1211 2143 1307 2218 sege-

193 2252 294 2333 tum,
317 2249 501 2338 pratontm
525 2233 757 2336 irriguorum,
788 2251 825 2311 et
857 2238 1098 2339 oryzariorum
1133 2235 1306 2331 cultores,

192 2368 304 2457 atque
328 2353 631 2457 hydrophylaces,
655 2355 717 2457 qui
742 2355 852 2430 fossas
876 2355 997 2430 iuciles
1020 2355 1247 2447 custodiunt,
1269 2372 1307 2430 et

191 2471 434 2549 moderantur.

241 2593 343 2686 Quae
366 2591 588 2666 irnolatiom's
612 2591 685 2666 vim
711 2593 749 2667 in
772 2591 980 2669 concitanda
1006 2591 1087 2666 labe
1114 2591 1305 2666 dermatica

189 2708 701 2812 pellagrosorumcoulinnare
726 2713 870 2810 juvant,
894 2721 1119 2808 argumenta,
1144 2723 1200 2781 tot
1224 2721 1303 2780 tau·

189 2843 297 2928 taque
309 2841 412 2922 suut,
428 2840 470 2900 ut
486 2827 589 2900 omui·
601 2825 710 2900 dubio
727 2825 931 2926 dissipando
956 2825 1140 2898 sufficiant.
1159 2824 1306 2897 Morbus

191 2957 396 3017 constanter
419 2943 556 3016 invadit
579 2941 760 3014 mensibus
786 2945 903 3016 Martii
929 2956 965 3016 ct
995 2941 1144 3042 Aprilis,
1178 2941 1307 3042 quibus

193 3057 253 3130 Sol
276 3057 461 3159 planitiem
486 3056 726 3157 Cispadauam
758 3058 886 3157 insigni
918 3059 955 3132 vi
989 3057 1174 3134 verberare
1208 3055 1315 3146 solet,

192 3173 259 3248 llla
283 3187 424 3249 tautum
457 3174 616 3248 adoritur
649 3173 854 3270 individua,
889 3201 979 3276 quae
1003 3189 1085 3277 post
1110 3171 1307 3275 hybernum

193 3291 364 3368 dendiam
388 3305 601 3392 campestres
626 3291 799 3366 accedunt
828 3293 989 3392 labores,
1023 3293 1137 3396 parcit
1171 3320 1191 3366 e
1216 3317 1303 3368 con-²
1343 3304 1348 3316 ’

192 3437 295 3486 verso
311 3409 539 3486 umbratilem
550 3424 587 3483 et
598 3409 827 3485 domesticam
844 3413 954 3486 vitam
971 3411 1175 3513 agentibus,
1192 3397 1307 3513 raeque

192 3531 230 3603 in
256 3529 332 3604 aliis
358 3527 512 3622 (morbo
536 3529 733 3604 inveterato
757 3536 933 3631 excepto)
958 3532 1087 3604 emicat
1110 3532 1307 3632 superficiei

193 3661 363 3722 cntaueae
387 3643 569 3747 partibus,
592 3671 701 3747 quam
718 3673 816 3748 quac
841 3645 930 3721 Solis
962 3646 1115 3746 mfluxn
1138 3651 1308 3724 contiuuo

192 3781 278 3842 suut
301 3767 489 3868 expositae.
512 3766 668 3840 Demum
696 3769 850 3862 maxima
879 3769 972 3842 inter
1000 3767 1206 3842 cacoderma
1231 3769 1307 3870 pel-

192 3883 412 3986 lagrosorum
436 3900 473 3958 ct
496 3885 681 3986 erytlrema
705 3885 818 3961 solare
843 3888 938 3986 viget
954 3885 1161 3981 similitudoz,
1183 3887 1211 3960 si
1229 3889 1307 3986 quis

194 4005 290 4086 euim
314 4002 488 4104 pellagrae
512 4029 697 4104 uunquam
721 4004 816 4076 visae
832 4005 1021 4104 imaginem
1037 4003 1104 4076 sibi
1122 4004 1308 4076 efformare

194 4119 313 4220 eupit,
337 4133 457 4195 eutem
482 4117 571 4193 Solis
596 4117 702 4192 radiis
727 4117 889 4192 adustam
918 4145 1003 4222 prae
1032 4119 1143 4194 oculis
1168 4117 1308 4192 habeto.

195 4237 292 4311 llaec
321 4251 441 4312 autem
474 4233 690 4312 decoloratio
725 4235 843 4333 succa,
879 4263 970 4338 quae
1004 4237 1135 4310 laesam
1170 4234 1309 4310 reticuli

196 4353 424 4460 Malpiglriaui
449 4353 690 4429 conditionem
715 4351 808 4428 clare
833 4353 986 4450 indicat,
1003 4367 1138 4428 eertum
1164 4353 1310 4455 praebet

195 4472 349 4550 iulluxus
373 4473 495 4552 solaris
513 4473 752 4551 testimouium
765 4504 777 4574 ς
792 4497 875 4551 uum
892 4475 1120 4551 arctissimam
1138 4474 1309 4578 pigmenti
