3228 5166
232 1879 483 2044 Mamurrae
507 1965 700 2070 primordia
729 1989 773 2040 eo
807 1961 953 2038 consilio
978 1957 1220 2060 'maestigantn
1248 1975 1290 2035 ut

185 2087 365 2184 videatur,
388 2111 459 2186 quo
484 2084 614 2182 modo,
630 2097 703 2156 eta
724 2079 853 2184 quibus
869 2075 1074 2156 hominbus
1086 2077 1229 2152 inventa
1254 2089 1292 2150 et

186 2206 316 2284 sensim
340 2203 477 2290 exculta
502 2229 545 2278 eo
575 2200 720 2276 tandem
749 2195 928 2299 pervenit,
958 2205 999 2267 ut
1033 2195 1074 2267 in
1106 2195 1195 2270 artis
1215 2218 1290 2272 nie·

185 2322 348 2396 thodicae
373 2321 524 2395 formam
558 2319 793 2418 redigeretur,
821 2335 895 2384 non
924 2311 1062 2384 minora
1084 2319 1134 2384 'se
1163 2337 1201 2384 se
1226 2337 1294 2413 op-

184 2454 325 2542 ponunt
348 2434 549 2533 obstacula,
573 2462 680 2536 quam
704 2428 801 2506 omni
827 2427 899 2500 sere
924 2429 1150 2530 antiquarum
1171 2455 1292 2502 rurum

184 2557 390 2656 indagatori.
404 2557 505 2648 Quae
522 2553 618 2628 enim
634 2549 679 2620 ad
693 2543 907 2618 incunabula
923 2539 1078 2646 opiferae
1095 2547 1178 2620 artis
1195 2544 1295 2624 ducit

29 2655 33 2664 ¹
186 2678 267 2774 via,
290 2703 386 2750 nunc
411 2673 609 2750 fabularum
643 2679 680 2740 et
709 2665 998 2767 superstitionum
1031 2667 1134 2767 quasi
1156 2663 1295 2742 nebulis

185 2793 364 2894 densaque
389 2791 535 2884 ealigine
559 2783 732 2884 premitur
748 2783 818 2880 ita,
834 2796 876 2856 ut
897 2781 954 2858 rel
970 2784 1142 2858 acunma
1165 2783 1295 2882 ingenii

186 2912 298 3008 acies,
321 2905 476 2984 veritatis
500 2901 580 2974 lnce
597 2914 742 3001 erepta,
761 2901 801 2974 in
822 2899 975 2975 tenebris
1000 2898 1172 3000 palpitare
1197 2923 1297 2996 coga-

187 3041 270 3124 tur3
292 3049 388 3098 nunc
412 3017 604 3119 deperditis
628 3019 825 3118 priscorum
848 3015 948 3090 libris
973 3030 1010 3089 et
1037 3016 1300 3116 monumentis,

188 3155 289 3216 tanto
312 3137 439 3211 desidit
461 3133 583 3232 hiatu,
597 3147 639 3208 ut
654 3159 806 3232 magnae
819 3132 981 3234 ambages
997 3135 1096 3238 prius
1119 3134 1191 3207 sint
1215 3159 1299 3208 con·

188 3253 376 3348 numne,
399 3263 588 3352 antequam
611 3250 651 3330 in
673 3262 813 3328 rectius
835 3255 1037 3354 justamque
1057 3250 1170 3326 redire
1193 3249 1299 3328 liceat

188 3371 336 3467 callcm3
359 3393 454 3442 nunc
479 3367 608 3466 variis,
630 3367 741 3468 iisqtre
758 3367 853 3442 iuter
867 3369 1074 3444 seinvicem
1098 3395 1297 3472 repugnan-

188 3489 281 3565 tibus
305 3499 492 3560 anctorum
515 3483 724 3562 radmodis
754 3485 793 3558 in
828 3497 902 3559 tam
931 3483 1088 3562 diversos
1118 3487 1299 3564 diducitur

186 3601 418 3700 maeandros,
441 3615 483 3678 ut
506 3601 555 3682 de
575 3625 615 3676 re
639 3601 728 3680 adeo
751 3600 845 3686 fluxa
861 3615 900 3678 et
920 3603 1052 3678 incerta
1077 3603 1177 3679 dubii
1202 3607 1299 3680 anei-

187 3728 347 3828 pitesqne
377 3723 607 3820 haereamus,
636 3747 811 3826 quaenam
844 3723 921 3812 sine
955 3721 1141 3798 aberrandi
1176 3723 1301 3807 discri-

187 3845 283 3936 mine
307 3855 400 3916 esset
422 3840 661 3941 ingredienda.

236 3958 292 4034 Ab
317 3957 386 4032 illis
409 3959 492 4032 inde
517 3983 629 4032 canae
650 3957 867 4060 antiquitatis
897 3957 1141 4060 temporibus,
1171 3958 1300 4061 quibus

187 4076 349 4152 homines
373 4075 410 4148 in
434 4075 546 4150 vitam
569 4073 736 4150 socialem
751 4073 978 4172 coaluerunt,
994 4089 1110 4150 artem
1123 4075 1301 4152 medicam

186 4199 343 4302 primum
366 4197 522 4298 coepisse
546 4210 684 4295 ortum,
699 4197 790 4272 ratio
805 4195 909 4272 nobis
925 4195 1075 4294 suadet3
1097 4198 1301 4300 qudcmrque

189 4315 287 4390 enim
309 4315 444 4418 primus
469 4312 671 4393 valetudine
695 4313 858 4392 adfectus
878 4313 970 4411 tuit,
990 4315 1045 4388 sui
1070 4317 1303 4391 corservandi

189 4431 308 4510 studio
332 4432 504 4534 quaesivit
533 4429 730 4529 modelam,
758 4457 907 4540 eamque
941 4431 1088 4516 feliciter
1120 4431 1303 4514 iuventam

242 4547 432 4629 uuonan
457 4546 556 4630 Ann.
582 4547 674 4627 cun.
699 4549 733 4628 Ι.
1086 4573 1099 4624 r
