3228 5166
302 425 577 528 polygrapbiae,
614 425 670 502 vel
713 427 829 504 dicam
859 429 976 530 potius
1000 426 1273 530 grapbomaniae
1311 426 1414 526 genio

301 546 577 646 patmciuando,
601 547 742 622 chartae
759 562 991 649 promoveant
1007 547 1329 639 consumationem,
1356 559 1413 643 ty-

302 663 563 765 poprapborum
587 665 684 766 prela
710 665 755 740 ab
780 666 879 740 edaci
905 681 1071 741 tueantur
1100 663 1280 764 rubigine,
1309 677 1414 762 atque

301 780 597 856 bibliothecarum
630 783 839 883 farraginlm
871 782 1098 878 adcumulare
1133 788 1265 884 juvent
1296 779 1414 871 Quare

301 907 422 972 nost'ra
448 899 514 972 erit
539 925 642 996 cura,
667 925 713 974 ue
737 899 900 975 taediosis
923 899 1127 974 morborum
1150 896 1268 970 diariis
1292 909 1329 966 et
1352 893 1413 966 de·

302 1017 585 1119 scriptionibus,
606 1031 726 1120 ‘atquc
765 1018 882 1092 inutili
921 1030 1227 1116 argumentorum
1248 1013 1416 1086 tritorum

301 1137 538 1210 ruminatione
562 1135 725 1210 benevoli
749 1135 890 1212 lectoris
916 1135 1085 1236 patientia
1110 1133 1306 1208 abutamur.

353 1255 397 1326 In
433 1255 603 1326 exercitiis
639 1248 856 1326 didascalicis
899 1252 945 1326 ad
979 1251 1110 1327 lectum
1144 1273 1327 1348 aegrorum
1359 1272 1414 1318 se·

302 1369 389 1445 dulo
414 1373 583 1467 vitamus,
607 1373 717 1446 immo
752 1371 797 1446 de
822 1371 992 1459 industria
1018 1371 1157 1444 silentio
1186 1368 1416 1470 praeterimus

302 1491 560 1564 neotericorum
603 1491 767 1590 figmenta
816 1505 853 1566 et
889 1490 1147 1572 dominantium
1182 1487 1416 1588 quarumdam

303 1607 511 1682 Scholarum
552 1607 746 1708 dogmata,
786 1609 994 1709 praesertim
1032 1607 1123 1702 illa,
1147 1633 1238 1707 quae
1267 1604 1324 1680 vel
1349 1605 1413 1678 do·
1432 1595 1449 1625 Χ

302 1725 377 1806 losa
419 1725 595 1806 seducunt
631 1726 876 1828 simplicitate,
909 1725 1037 1810 velud
1061 1731 1197 1798 certum
1223 1722 1413 1825 quemdam

305 1843 542 1918 universitatis
567 1844 713 1942 gradum
740 1848 810 1946 jam
841 1842 983 1942 adulta,
1009 1842 1205 1918 Medicinae
1230 1839 1415 1914 eclecticae

302 1964 485 2036 interitum
511 1965 699 2038 minantur.
725 1965 868 2038 Summe
894 1964 1186 2039 detrimentosum
1221 1987 1296 2036 esse
1321 1959 1414 2035 arbi-

303 2094 459 2176 tramur,
483 2079 736 2180 discipulorum
760 2096 937 2177 mentem,
971 2079 1193 2154 solidioribus
1218 2079 1416 2174 doctrinis,
1448 2069 1451 2075 ¹

305 2223 349 2272 ac
380 2196 584 2272 veritatibus
619 2199 835 2274 inconcussis
873 2198 1137 2300 occupandam,
1173 2197 1354 2296 indigestis
1379 2211 1416 2270 et

304 2341 378 2396 non
404 2342 484 2390 raro
508 2316 641 2394 frivolis
667 2317 941 2392 theorematibus
967 2343 1110 2417 gravare
1127 2329 1163 2390 et
1179 2315 1416 2410 confundere,

304 2435 533 2534 artimumque
559 2435 768 2536 juvenilem,
794 2435 839 2510 ad
863 2436 1038 2511 novitates
1063 2433 1218 2535 alioquin
1242 2459 1417 2535 pronum,

304 2551 350 2626 ab
376 2552 541 2651 antiquae
567 2567 603 2624 et
626 2579 744 2627 sacrae
761 2555 917 2629 veritatis
930 2553 1022 2639 calle
1039 2553 1258 2654 detorquere.
1280 2595 1331 2609 —
1346 2552 1417 2624 Vix

303 2694 464 2768 unquam
488 2661 559 2768 pro
580 2671 774 2770 junioribus
800 2671 945 2745 uaedieis
969 2673 1145 2772 praesenti
1180 2685 1294 2746 aetate
1322 2671 1416 2772 peri-

304 2785 457 2860 culosior
481 2789 614 2883 extitit,
639 2787 685 2862 ob
711 2803 846 2862 tantam
870 2789 1086 2863 tlreoriarum
1113 2802 1149 2862 et
1177 2787 1413 2889 logomacbia-

304 2929 406 2999 rum,
431 2905 559 3007 quibus
584 2907 667 2980 artis
691 2907 919 3007 Antesignani
936 2907 1028 2980 inter
1043 2931 1082 2980 se
1102 2905 1291 3002 dimicant,
1315 2907 1417 2980 vicis-

304 3025 504 3100 citudinem.
525 3026 652 3106 Plures
678 3029 778 3104 euim·
798 3027 970 3104 hodierno
994 3047 1082 3102 aevo
1116 3027 1277 3102 ¹videmus
1302 3028 1417 3126 Logo-

305 3142 471 3222 daedalos
497 3159 602 3246 atquc
636 3147 816 3248 Sophistas
850 3147 889 3220 in
923 3145 1120 3240 medicina,
1159 3146 1221 3245 qui
1257 3143 1416 3218 sutilibus

304 3263 635 3341 concertatiuuculis
660 3263 852 3362 altercant,
876 3263 994 3340 oleum
1018 3261 1193 3365 perdunt,
1215 3261 1314 3337 sucos
1330 3287 1418 3338 ven-

304 3378 440 3473 ditant,
465 3379 622 3452 et'inani
646 3379 835 3456 verborum
861 3383 1008 3483 strepitu
1033 3407 1133 3454 suam
1158 3381 1277 3481 potius
1302 3377 1417 3451 inlan-

304 3497 392 3571 tiam
417 3491 617 3592 declarant,
642 3495 724 3572 licet
747 3496 868 3571 buccis
893 3495 1021 3570 inflatis
1046 3496 1156 3570 salem
1190 3493 1416 3596 pbilosopho-

312 3639 415 3708 rum,
441 3628 477 3689 et
501 3639 710 3715 πανχρηστον
733 3617 907 3691 invenisse
932 3613 1155 3717 superbiant,
1177 3637 1284 3715 seque
1308 3609 1418 3704 veluti

303 3732 532 3808 Redemtores
551 3736 751 3810 ¹corruentis
775 3735 940 3811 scientiae
966 3731 1051 3808 tuba
1069 3732 1278 3836 grarrdisona
1294 3729 1413 3805 divul-

304 3868 397 3953 gent
421 3853 483 3926 Isti
508 3851 722 3928 dualbmum
737 3854 966 3956 dynamicum
983 3879 1048 3954 pro
1065 3851 1272 3936 morborum
1288 3865 1418 3924 natura

303 3967 507 4066 revelanda,
527 3983 567 4044 ot
590 3969 711 4046 salutis
735 3985 840 4072 portu
866 3971 932 4046 rito
959 3969 1131 4071 capiendo
1156 3969 1416 4043 securissimam

303 4086 472 4190 pyxidem
496 4087 674 4196 nauticam
704 4114 778 4163 esse
815 4087 1059 4190 proclamant,
1082 4129 1133 4145 -
1166 4085 1219 4160 illi
1257 4083 1414 4160 cloacam

302 4205 629 4301 pastro-euterioam
653 4203 905 4280 inflammatam
930 4207 969 4278 in
994 4205 1120 4308 quovis
1149 4201 1326 4277 malorum
1359 4225 1418 4300 ge·

303 4349 387 4406 nere
405 4326 660 4421 criminantur,
676 4325 930 4428 bominumque
955 4325 1107 4400 salutem
1131 4323 1268 4408 excidio
1286 4320 1416 4395 hirudi-

303 4465 391 4516 num
426 4455 595 4544 tuentur,
619 4487 669 4501 --
694 4441 752 4516 alii
785 4440 1079 4547 lrornoeopatlriae
1115 4443 1289 4545 captiosas
1321 4437 1416 4539 leges
1523 4519 1525 4524 ,
