3264 5194
1240 401 1308 502 ιιι

162 621 167 632 .
205 503 437 615 (amaurosis)
462 539 648 600 avertatur.
672 525 811 598 Primae
835 521 1037 598 indicationi
1054 523 1214 600 remediis
1232 551 1310 598 nar·

203 641 325 713 coticis
360 655 396 715 et
429 643 611 738 neminis,
644 642 744 716 alteri
776 642 1041 716 mercurialibus
1075 643 1283 716 satisfacturi
1300 665 1315 738 ‚²

202 755 453 855 praedilectam
479 783 501 830 a
524 759 645 830 Perno
670 759 791 832 Fraus
815 757 981 859 copulam
1006 757 1248 833 Calomelanos
1273 773 1316 832 et

205 873 343 947 Moschi
367 900 451 947 cum
473 875 661 976 Papaveris
685 875 842 977 lacryma
864 903 930 976 pro
954 877 1093 950 interno
1117 901 1185 948 usu
1208 875 1313 952 desti-

204 992 377 1065 navimus.
401 993 549 1092 Insuper
572 1005 792 1126 unguentum
816 992 1026 1094 hydmrgyri
1050 992 1203 1090 griseum
1227 1017 1311 1064 cum

204 1109 360 1210 pauxillo
381 1109 465 1212 Opii
481 1111 613 1209 regioni
637 1109 900 1211 supra-orbitali
925 1109 970 1184 ad
994 1134 1158 1210 vesperas
1174 1107 1315 1206 illiniri,

205 1255 247 1302 ac
272 1229 345 1304 duo
369 1231 556 1304 vesicantia
581 1231 671 1304 suris
695 1229 898 1331 adplicari
888 1230 1062 1331 jussimus.

255 1352 321 1423 Die
348 1378 405 1424 aa
427 1365 465 1425 et
482 1351 538 1424 23.
564 1377 723 1424 accessus
747 1351 985 1452 spasmodico·
969 1349 1140 1424 -dolcrosi
1164 1347 1313 1422 numero

205 1484 243 1543 et
265 1471 464 1544 intensitate
487 1471 677 1549 imminuti.
699 1470 836 1544 Eadem
862 1469 1028 1570 therapia.
1058 1469 1125 1541 Die
1152 1469 1209 1560 24.
1234 1491 1311 1540 ma·

206 1591 330 1664 nisesta
346 1589 559 1666 salivationis
575 1593 687 1690 signa3
701 1589 1038 1692 ophthalmodyniae
1054 1589 1157 1662 unica
1173 1601 1313 1662 tantam

206 1708 365 1803 invasio,
386 1733 497 1807 eaque
521 1707 660 1804 levior3
682 1708 778 1782 visus
803 1704 991 1779 hebetudo·
1006 1729 1051 1778 ex
1084 1702 1231 1777 adverso
1266 1727 1314 1776 ne

206 1825 319 1898 hilum
343 1825 537 1900 emendata.
553 1826 585 1898 A
599 1825 774 1898 mercurio
803 1809 1004 1898 desistendo
1030 1822 1313 1896 continuavimus

89 2023 103 2042 .
206 1969 288 2016 cum
312 1969 379 2017 usu
405 1941 541 2017 Moschi
565 1957 603 2016 et
626 1942 720 2042 opii.
741 1943 813 2016 Pro
837 1941 903 2014 litu
927 1965 1038 2040 super
1048 1937 1183 2012 orbitas
1204 1937 1311 2011 alexi,

206 2085 286 2133 nrus
317 2061 507 2134 tincturam
536 2059 683 2134 Guaiaoi
721 2083 804 2132 cum
838 2056 1041 2158 Camphora·
1073 2069 1110 2130 et
1142 2055 1315 2130 Laudano

205 2174 340 2276 liquido
364 2175 600 2280 Sydenlrami3
622 2173 804 2251 revellenti
829 2201 936 2275 scopo
953 2187 1172 2274 unguentum
1189 2200 1209 2247 e
1227 2171 1313 2247 Tar-

207 2309 283 2369 taro
312 2289 451 2368 stibiato
486 2293 624 2368 nuchae
658 2292 904 2372 indicandum
938 2289 1005 2366 Die
1041 2289 1099 2366 26.
1123 2293 1313 2393 conspicua

206 2413 402 2512 euphoria3
425 2426 564 2514 praeter
588 2411 785 2506 obtusum,
806 2409 1001 2510 gravedinis
1026 2413 1171 2511 potius,
1204 2433 1314 2510 ιῐιιοιιι

205 2528 335 2611 doloris
359 2557 529 2628 sensum,
552 2528 651 2604 nulla
676 2527 861 2624 molestia3
891 2529 986 2603 visus
1015 2527 1214 2636 quidquam
1240 2525 1314 2599 cla-0

206 2650 287 2723 rior.
322 2650 529 2725 Omittendo
565 2649 779 2746 Moschum,
804 2647 969 2723 dedimus
997 2645 1116 2720 Sulfor
1149 2659 1314 2718 auratum

207 2759 417 2864 antimonii‚
451 2796 534 2842 cum
568 2768 715 2843 decocto
751 2769 913 2868 stipitum
946 2763 1242 2840 amaro-dulcium
1276 2767 1314 2836 e't

206 2886 332 2958 radicis
357 2884 601 2988 Sarsaparillae
618 2885 817 2958 alternatim
833 2881 1061 2980 sumendam,
1075 2895 1117 2955 ut
1139 2880 1314 2956 diathesis

207 2999 460 3077 rheumaticam
484 3027 527 3075 eo
553 3003 661 3076 tutius
685 3000 952 3074 eradicaremus.

256 3117 357 3208 Quae
387 3118 566 3218 auspicato
599 3117 792 3220 procedere
819 3115 1056 3212 videbantur,
1083 3141 1166 3212 res,
1195 3114 1253 3190 die
1284 3141 1312 3189 ι.

206 3233 411 3309 Decembris
435 3234 553 3311 denuo
576 3237 615 3310 in
638 3243 739 3340 pejus
763 3235 929 3332 ruebant,
948 3235 1216 3310 recandeeoente
1239 3235 1314 3337 pri-

206 3353 342 3427 mordia
366 3351 496 3428 doloris
521 3356 673 3430 saevitis.
698 3356 906 3429 Decantatas
930 3354 1038 3430 modo
1066 3355 1215 3456 experiri
1249 3379 1313 3430 vo-

206 3472 336 3547 luimus
348 3467 597 3550 “Belladonnae
624 3477 662 3549 in
695 3475 899 3576 mitigandis
928 3473 1113 3574 nevralgiis
1137 3477 1314 3571 virtutes,

205 3593 392 3692 granulum
414 3593 540 3668 radicis
564 3593 766 3696 pulveratae
791 3607 915 3696 quater
937 3593 976 3666 in
1000 3593 1058 3667 die
1082 3593 1313 3694 propinando.

205 3711 287 3783 Pari
311 3725 470 3812 tempore
494 3712 672 3786 Corficem
696 3713 930 3813 penrvianum
954 3709 1078 3786 utilem
1102 3711 1177 3785 lore
1200 3711 1315 3785 existi-

205 3829 406 3924 mavimus,
429 3830 491 3930 qui
515 3829 625 3905 robur
648 3831 764 3904 nervis
788 3827 981 3924 addendo,
1010 3827 1213 3904 morbosam
1236 3853 1315 3902 sen·

205 3945 406 4021 sibilitatem
429 3973 596 4049 persaepe
631 3947 844 4021 adamussim
874 3945 1094 4047 complacare
1117 3945 1216 4020 solet.
1240 3947 1314 4020 Do·

204 4059 336 4136 loribus
360 4089 425 4164 per
449 4065 541 4138 vices
567 4090 649 4137 cum
674 4063 894 4138 vehementia
925 4063 1189 4138 recurrentibus
1218 4063 1314 4136 Lau·

204 4179 339 4256 'danum
363 4181 467 4282 plena
492 4183 569 4257 dosi
594 4181 789 4256 exhibitum
814 4181 970 4256 lenimen
995 4180 1087 4254 sulit.

253 4297 347 4373 Cum
371 4300 458 4374 haec
482 4299 636 4374 remedia
661 4301 902 4374 transitorium
925 4297 1151 4373 solummodo
1181 4295 1315 4371 emolu-

204 4429 366 4490 mentum
390 4415 636 4518 adportarint,
660 4419 843 4492 tormentis
859 4441 990 4519 paucos
1006 4431 1088 4517 post
1104 4416 1179 4491 dies
1195 4429 1315 4489 rursm

204 4533 519 4630 reviviscentibus,
542 4535 588 4608 ad
612 4533 680 4608 alia
705 4533 930 4613 clamandum
954 4547 1031 4610 crat
1066 4559 1173 4609 arma.
1205 4533 1315 4610 Inter-

255 4651 446 4728 Huueuss.
471 4652 569 4729 Ans.
597 4653 689 4730 ctu.
714 4653 747 4728 Ι.
1072 4678 1116 4727 ιο
