3252 5166
342 309 408 384 ¹9²

332 405 379 476 ad
403 429 508 502 grana
546 422 721 510 quatuor,
756 412 847 484 intra
890 409 1159 513 nycthemerum
1201 409 1443 508 absumenda,

331 521 608 624 adscenditnus,
644 529 729 628 quin
765 543 902 628 praeter
938 527 1052 602 levem
1083 541 1271 624 nauseam,
1299 544 1435 628 gastro-

331 639 478 740 dyuiurn
509 646 744 742 gravativam,
768 661 804 720 et
828 647 897 722 alvi
921 648 1125 747 segnitiem,
1149 646 1245 721 aliud
1269 663 1435 747 quereret

329 759 594 844 incommodum
631 761 757 863 puella.
794 765 928 838 Exacto
962 764 1105 839 octiduo
1142 763 1374 838 abstinuimus
1409 793 1433 838 a

328 878 466 976 potenti
493 877 706 978 pharmaco,
744 886 819 982 ejus
859 905 964 955 usum
1005 897 1123 955 nmen
1163 882 1317 956 secunda
1356 885 1439 958 rice

326 995 544 1093 suscepturi,
567 1009 754 1097 postquam
779 997 952 1072 stomachi
978 991 1158 1072 molestiae
1181 997 1336 1073 decoctis
1351 1020 1435 1072 mu·

327 1107 522 1208 cilaginosis
564 1126 600 1186 et
640 1111 892 1189 emulsionibus
933 1115 1070 1188 nihatis
1116 1117 1257 1215 penitus
1292 1115 1438 1190 luerunt

328 1227 474 1326 fugatae.
499 1226 630 1304 Alvum
660 1255 837 1306 morosam
871 1230 1079 1332 clysteribus
1115 1231 1240 1306 oleosis
1269 1232 1438 1306 sollicita·

326 1345 452 1418 vimus.
476 1347 702 1447 Epithemata
740 1349 853 1448 gelida
894 1353 1000 1450 super
1039 1348 1240 1449 pulsantem
1280 1349 1436 1424 thoracis

326 1459 465 1561 plagam
490 1485 612 1564 acgme
638 1463 727 1538 adeo
751 1478 895 1565 accepta
920 1477 1035 1563 erant,
1050 1479 1092 1538 ut
1107 1490 1230 1538 eorum
1255 1465 1437 1564 contiuua-

326 1583 459 1655 tionem
483 1585 584 1656 enixe
601 1628 606 1642 ·
618 1597 769 1684 peteret,
803 1583 1081 1683 quotiescunque
1110 1583 1436 1656 intermitterentur.

375 1701 529 1800 Longius
555 1701 722 1799 sortasse,
756 1728 865 1802 quam
901 1700 1002 1775 initio
1035 1700 1257 1800 propositum
1293 1713 1389 1796 erat,
1413 1725 1436 1771 a

325 1820 466 1892 tramite
491 1819 656 1919 digressi,
680 1847 752 1922 quo
777 1820 975 1920 argumenti
1000 1817 1150 1918 dignitas
1174 1841 1239 1892 nos
1270 1815 1436 1917 pellexit,

324 1935 507 2009 redeamus
532 1937 703 2012 modoad
719 1937 872 2037 reliquos
889 1961 988 2009 casus
1005 1934 1207 2036 sporadicos
1228 1933 1296 2008 boc
1312 1959 1434 2006 mense

324 2053 548 2151 absentatus,
574 2058 771 2157 epictiticas
796 2058 845 2129 eis
862 2053 1083 2156 subjuncturi
1105 2051 1433 2126 artimadversicnes.

373 2173 496 2247 Puella
527 2195 570 2247 ex
605 2175 742 2250 urbano
778 2173 1081 2276 brephotropheo,
1118 2197 1143 2273 9
1183 2197 1294 2245 annos
1328 2186 1433 2267 nata,

323 2289 532 2386 scrofulosa,
556 2317 576 2364 a
601 2291 740 2366 duobus
764 2291 944 2365 mensibus
969 2289 1180 2390 singularem
1195 2287 1291 2361 illam
1315 2291 1431 2386 patie-

324 2405 430 2480 batur
454 2409 548 2481 tisus
573 2408 870 2505 imbecillitatem,
906 2433 976 2509 qua
1012 2406 1152 2482 lucente
1188 2403 1265 2480 Sole
1299 2405 1431 2478 diurno

327 2524 473 2622 quaeris
499 2523 636 2626 objecta
660 2523 1006 2624 ritessdistinguebat,
1028 2523 1327 2625 appropinquante
1342 2547 1430 2596 reru

323 2667 470 2742 vespera
493 2643 603 2718 veluti
628 2643 666 2716 in
691 2643 904 2717 densissimis
928 2641 1082 2716 tenebris
1109 2641 1253 2742 palpare
1283 2639 1430 2740 cogeba-

322 2770 402 2856 tur,
424 2757 666 2862 beuwralopio.
690 2761 834 2835 Praeter
857 2761 1161 2834 intumescentium
1186 2741 1429 2859 glandularum

324 2875 623 2979 lymphaticarum
647 2885 743 2982 juxta
767 2879 876 2954 latera
901 2879 1125 2955 mandibulae
1149 2879 1343 2974 inferioris,
1366 2875 1429 2950 ab·
1500 2977 1502 2982 Ι

214 3049 222 3066 .
323 2995 455 3072 ‹lomeu
479 3023 620 3100 quoque
645 2995 995 3100 deprebendebamus
1019 2995 1202 3091 inflatum,
1225 2994 1430 3098 inaequale,

320 3113 474 3212 durum,
500 3117 591 3188 circa
616 3115 824 3190 umbilicum
849 3116 1076 3210 tuberosum,
1093 3113 1312 3215 oppilatum,
1342 3139 1428 3187 auo-

320 3235 470 3328 rsxiam3
494 3231 650 3333 linguam
676 3259 878 3331 muccsam,
902 3260 941 3310 os
971 3231 1080 3308 saliva
1115 3229 1283 3333 plenum,
1309 3229 1427 3332 pupil-

320 3351 394 3425 lam
418 3351 621 3449 dilatatam,
651 3354 899 3454 nigerrimam,
929 3368 965 3427 et
998 3353 1139 3428 nonnisi
1166 3349 1233 3424 sub
1263 3349 1427 3425 viridiori

322 3465 402 3541 luce
431 3467 670 3564 vacillantem,
707 3471 823 3544 visum
863 3469 1016 3544 interdiu
1057 3468 1253 3563 illibatum,
1289 3470 1426 3568 vesperi

320 3601 459 3682 autem,
483 3586 593 3662 veluti
618 3587 663 3662 ab
689 3589 900 3664 adventante
917 3591 1015 3664 fumo
1028 3646 1038 3686 ,
1053 3587 1236 3684 hebetem,
1255 3601 1297 3660 ut
1312 3611 1426 3687 neque

320 3707 366 3781 ad
390 3706 507 3780 lucem
533 3707 698 3782 candelae
723 3707 881 3810 objecta,
906 3711 973 3784 nisi
1002 3708 1271 3804 obscurissime,
1300 3705 1425 3780 distin·

217 3837 218 3840 ’
319 3849 423 3924 gnere
447 3826 627 3926 potuisset
652 3865 702 3882 ··-
725 3828 887 3900 Emetico
911 3826 966 3900 bis
990 3828 1162 3927 repetito,
1185 3824 1338 3899 decoctis
1354 3821 1425 3896 sol-

318 3941 481 4018 ventibus
506 3945 653 4039 amaris,
678 3959 771 4044 potu
806 3943 966 4038 acidulo,
997 3959 1034 4018 et
1067 3941 1258 4017 lotionibus
1293 3939 1425 4038 frigidis

317 4060 707 4158 oculorum,.morbum
730 4064 891 4163 protinus
921 4063 1188 4164 dissipavimus,
1216 4083 1425 4160 aegramque

317 4193 398 4280 post
423 4179 509 4253 duas
534 4177 773 4253 hebdomadas
798 4181 836 4252 iu
866 4179 1004 4254 Clinico
1041 4193 1233 4278 transactas
1270 4175 1424 4276 brepho-

316 4295 468 4395 tropheo
502 4295 621 4368 dertuc
661 4297 934 4393 commisimus,
974 4309 1016 4370 ut
1055 4295 1189 4372 ibidem
1229 4297 1424 4372 inveterata

315 4413 467 4488 scrofula
492 4429 645 4489 curetur.
