3228 5166
149 505 152 512 ’
190 519 282 592 inter
306 541 439 596 aunum
466 513 539 590 280
556 527 592 587 et
610 512 682 586 250
697 521 779 586 ante
796 507 922 587 Christ
942 527 1090 614 natum,
1106 512 1296 616 agnoscens

189 649 339 736 oportet.
363 635 585 708 Ammonius
592 684 603 728 ,
638 631 823 726 Gmuccs,
846 644 884 704 et
916 631 1133 708 Hrmcuoss
1159 635 1296 707 Tams-

187 777 289 828 muus
313 753 490 856 principes
515 745 611 821 fuere
635 747 741 848 hujus
766 746 907 821 scholae
931 747 1150 848 defensores,
1175 751 1296 824 anu·

190 893 254 945 nas
278 873 477 944 Laoorcnus
506 890 592 940 vero
626 863 771 938 ultimus
808 863 914 938 fuisse
948 865 1088 939 ridetur
1122 883 1297 964 sectator,

190 1011 301 1086 quem
323 979 541 1086 temporibus
558 973 722 1084 Traijani,
742 980 800 1056 vel
824 981 993 1056 Hadriani
1017 991 1029 1076 (
1052 1009 1118 1088 ¹¹7
1136 985 1296 1084 p.'Chr.)

191 1105 323 1179 nidsse'
340 1103 466 1178 sonent
491 1101 693 1176 &claudum
716 1125 840 1176 eorum
856 1105 1067 1177 seutentiam
1091 1104 1207 1178 omnis
1222 1131 1300 1178 me-

190 1221 307 1296 dicina
329 1221 443 1296 bonae
467 1216 573 1319 frugis
597 1215 827 1294 observationi
859 1221 1021 1321 propriae
1055 1235 1093 1294 et
1125 1219 1300 1315 aliorum,

190 1340 393 1439 analogius,
416 1365 482 1414 nec
507 1360 581 1414 nou
604 1338 820 1440 epilogbmo,
843 1341 982 1431 (serius
1019 1336 1191 1438 addito),
1221 1341 1298 1414 sire

188 1457 358 1532 methodo
382 1481 426 1530 ex
446 1455 641 1531 'observatis
672 1455 718 1529 ad
746 1461 789 1530 'ea
824 1454 1081 1553 concludendi,
1115 1483 1206 1557 quae
1229 1455 1297 1530 ob-

189 1571 377 1651 servationi
401 1598 474 1647 uon
497 1587 640 1675 petent,
662 1573 782 1647 innixa
806 1598 881 1648 esse
916 1571 1031 1648 debet.
1064 1575 1124 1647 En
1155 1573 1298 1674 famige-

190 1709 287 1771 ratus
310 1692 574 1794 Empiricorum
598 1693 721 1794 tripos.

240 1811 483 1888 Alexandrinis
499 1809 616 1914 itaque
632 1809 777 1888 medicis
793 1814 1000 1889 resumatis
1020 1811 1217 1889 medicinae·
1237 1836 1298 1889 ex-

190 1929 450 2032 perimentalis,
483 1955 503 2002 a
540 1929 763 2030 dogmatibus
799 1943 837 2005 et
864 1929 1160 2032 speculationibus
1190 1934 1299 2034 depu-

190 2061 302 2146 ratae,
315 2045 471 2122 debetur.
483 2047 604 2123 Arcesi
620 2063 820 2126 tamennon
832 2050 949 2150 potuit
963 2051 1179 2151 superstitio,
1195 2068 1298 2126 retus

190 2165 252 2240 illa
274 2167 406 2267 pestis,
429 2190 520 2266 qasac
544 2164 820 2240 medicinam'in
849 2167 1003 2266 antiquis
1027 2165 1180 2240 saeculis.
1203 2192 1294 2242 cun·

191 2285 292 2360 tinuo
316 2284 637 2380 contaminaverat,
652 2307 766 2385 neque
783 2283 994 2359 invincibilis
1011 2284 1296 2385 jetrosophorum

190 2407 266 2504 ejus
291 2403 368 2478 aeri
392 2401 439 2476 ad
462 2399 668 2502 sophisticas
694 2402 844 2501 argutias
868 2401 1075 2502 propensio,
1090 2427 1132 2475 ac
1154 2394 1298 2480 innatus

190 2517 372 2620 quibusvis
396 2518 470 2592 lere
493 2517 698 2592 hominibus
730 2531 876 2592 murrae
906 2519 1150 2621 phaenomena
1185 2510 1298 2622 expli·

191 2634 295 2709 candi
310 2635 464 2737 pmritus
481 2636 691 2710 conticuere.
707 2635 795 2710 Inde
810 2637 1019 2737 ppsteriores
1044 2653 1162 2714 ortum
1187 2639 1298 2714 duxe-

191 2769 276 2830 ruut
299 2753 441 2830 scholae
470 2755 646 2851 medicae,
669 2751 864 2830 mctlmdicc
887 2755 1300 2858 ichneumonum,

191 2885 229 2945 et
260 2871 460 2968 scelestius,
483 2873 557 2947 sive
573 2903 577 2912 ·
593 2870 872 2973 episyntltetica,
894 2899 986 2973 quae
1023 2873 1187 2972 dogmata
1215 2897 1300 2946 orm

191 2989 340 3089 empiria
363 2987 553 3090 copularit
576 2989 766 3063 Primaab
801 2991 1019 3062 messum
1049 2989 1208 3064 Bermuo
1231 2992 1301 3083 (Α.

198 3129 268 3180 100
294 3131 324 3178 a.
348 3107 433 3180 Chr.
448 3111 480 3200 ),
504 3105 613 3179 altera
637 3106 682 3178 ab
706 3108 899 3180 Arcamo
928 3107 1137 3181 Arrsumsa
1161 3110 1226 3202 (A.
1249 3111 1300 3182 68

191 3251 227 3326 p.
252 3223 373 3319 Chr),
397 3225 499 3298 tertia
523 3221 670 3298 demum
694 3225 738 3298 ah
755 3226 941 3299 Astrmuo
966 3225 1169 3334 Sempro(
1184 3229 1225 3302 A.
1249 3230 1294 3300 8ι

191 3367 226 3444 p.
252 3341 363 3433 chr.)
388 3339 543 3415 lundata.
567 3339 809 3416 Alexandrinis
840 3343 972 3442 pariter
1004 3343 1149 3418 medicis
1179 3346 1218 3418 in
1243 3371 1302 3418 ac-

191 3459 303 3558 ceptis
327 3456 489 3532 habenda
513 3471 589 3558 est,
612 3474 780 3534 monente
805 3461 936 3557 Cesso,
970 3476 1190 3536 momentosa
1224 3489 1300 3536 nse-

190 3575 328 3650 dioinae
343 3577 382 3648 in
399 3591 469 3650 tres
493 3589 610 3678 partes
626 3576 767 3673 divisio,
791 3591 832 3652 ut
855 3603 927 3652 uus
951 3565 1060 3674 esset,
1084 3607 1174 3680 quae
1203 3582 1300 3655 victu

190 3691 418 3790 (διαιτητικὴ)
431 3747 441 3788 ,
452 3691 582 3792 altera,
597 3711 687 3796 quae
708 3693 972 3770 medicamentis
988 3697 1257 3794 (φιρμακευτιὴ
1269 3703 1300 3791 l,

191 3811 314 3906 tertia,
338 3835 428 3911 quae
452 3835 561 3886 manu
584 3811 785 3885 mederetur
809 3793 1060 3910 (χειρῦρφικὶι).

240 3925 364 4019 Qualis
387 3940 507 4002 autem
531 3927 698 4002 fueritin
727 3929 872 4003 Musaeo
895 3926 1132 4004 Alexandrino
1156 3943 1300 4030 tyrones

189 4043 364 4118 medicos.
380 4043 565 4119 erudiendi
608 4045 819 4140 methodus,
852 4071 873 4119 e
903 4044 1147 4146 superstitibus
1169 4047 1296 4119 ¹histo-

189 4161 263 4235 riae
287 4162 526 4236 monumentis
552 4187 673 4238 eruem
703 4188 776 4239 uon
806 4161 898 4236 licet.
924 4161 1144 4236 Concludere
1181 4173 1300 4236 umen

40 4339 45 4349 .
189 4277 242 4354 las
268 4293 339 4376 est,
361 4279 519 4354 studium
535 4279 702 4356 clinicum
717 4281 918 4382 posterioris
934 4281 1012 4354 aevi
1032 4275 1163 4352 scholis
1186 4277 1301 4369 multo

189 4399 336 4474 inferius
353 4399 476 4498 luisse,
491 4427 589 4499 cum,
605 4401 789 4474 deficiente
800 4399 833 4476 N
834 4399 1093 4474 osocomiorum
1109 4398 1300 4499 praesidio,
1391 4441 1396 4448 ·

190 4519 333 4597 nonnisi
354 4519 399 4597 sd
428 4521 584 4626 privatos
615 4544 799 4622 aegrotum
825 4517 935 4596 lectos
962 4518 1097 4596 institui
1121 4521 1299 4625 potuisset
