3252 5166
319 341 385 411 182

310 453 541 532 intenduntur
564 455 745 558 propitiae.
769 455 826 532 En
853 455 960 552 ratio,
975 479 1040 528 cur
1063 455 1161 556 ipsae
1183 451 1295 528 febres
1313 455 1421 528 inter-

309 573 488 649 mittentes
511 573 740 675 sporadieae,
762 572 820 649 vel
844 573 1050 676 epichoreae
1081 573 1314 668 emoriantur,
1330 572 1420 646 dum

309 691 482 792 epidemia
505 689 674 766 brumalis
701 690 995 790 inflammatoris,
1021 677 1091 766 *tet
1128 692 1259 765 aestiva
1292 689 1423 766 biliosa

308 809 489 884 insolitum
528 809 769 885 vehementiae
809 809 957 910 gradum
1000 808 1172 910 adtingit,
1210 807 1272 882 illa
1306 833 1421 908 rem,

308 913 399 1028 quae
422 925 567 1001 fortuito
585 941 804 1024 occurrunt,
828 927 1020 1029 specimina
1056 926 1102 1002 ad
1138 925 1418 1004 subcontinuum

308 1054 436 1144 typum
458 1039 650 1140 inclinent,
673 1083 724 1102 -
748 1057 785 1118 et
807 1069 872 1118 eur
895 1043 1010 1119 ubres
1034 1047 1239 1141 continuae,
1255 1058 1417 1146 tempore

308 1159 600 1260 aequinoctionali
624 1159 874 1258 obvenientes,
892 1162 930 1234 in
954 1161 1147 1262 periodioas
1163 1163 1324 1237 nitantur
1339 1187 1419 1235 exa·

309 1273 538 1352 cerbationes.
571 1277 667 1377 Ergo
703 1275 920 1354 evolutiones
957 1277 1276 1378 grandiumndiales
1310 1280 1419 1355 etiam

308 1397 346 1470 in
371 1395 507 1470 casibus
532 1395 812 1479 extraordinariis
836 1423 900 1474 sua
935 1402 1011 1499 jura
1048 1423 1153 1500 anper
1185 1400 1278 1472 entia
1305 1411 1415 1474 terre-

308 1513 394 1587 stria
418 1511 622 1588 defendunt
637 1507 719 1586 Non
735 1510 979 1614 obstupuimus
1003 1513 1157 1610 ideireo,
1181 1513 1252 1592 boo
1274 1539 1415 1612 mense,

309 1631 371 1729 qui
397 1628 513 1706 adhue
538 1641 634 1703 totus
658 1625 796 1730 hyemis
821 1627 975 1729 speeiem
991 1629 1089 1726 tulit,
1111 1628 1249 1709 nullum
1270 1655 1425 1730 prorem

298 1746 412 1848 febris
445 1751 700 1833 maenus
736 1743 915 1847 exemplar
951 1745 1144 1830 obvenisse.
1179 1749 1418 1828 Posthumum

306 1867 456 1964 solum,
494 1865 540 1942 ab
579 1863 775 1953 autumnali
810 1879 981 1974 quartana
1018 1865 1181 1944 relietum
1219 1868 1415 1944 curandum

306 1985 521 2082 habuimus,
544 2008 588 2061 eo
616 1985 747 2068 intuitu
782 1982 978 2083 singulare,
1007 1981 1200 2085 qaod-nos
1234 1985 1421 2062 edocuerit·

309 2099 545 2204 cholopottici
569 2103 724 2176 muneris
753 2099 870 2174 labem
894 2099 978 2176 oriri
1003 2123 1130 2206 poure,
1152 2105 1240 2204 quin
1273 2103 1420 2180 evidens

307 2222 345 2294 in
370 2218 497 2322 hepate
521 2219 649 2294 vitium
673 2215 847 2320 adpareat
872 2217 956 2296 Fuit
979 2219 1148 2301 nimirum
1165 2221 1315 2298 rustious
1338 2225 1416 2296 stri·

311 2351 435 2438 gosna,
460 2339 507 2413 30
533 2363 727 2436 annorum,
754 2343 823 2438 jam
841 2335 885 2410 ab
903 2337 1038 2440 aliquot
1054 2337 1283 2424 hebdomadis
1299 2354 1419 2416 saorra

307 2461 464 2556 aurigine
488 2452 720 2554 delbedatua,
743 2457 805 2557 qui
837 2453 967 2538 lienem
998 2455 1127 2538 obtulit
1154 2457 1419 2541 voluminatam

308 2591 344 2651 et
369 2576 622 2674 durissimum,
655 2573 694 2650 in
731 2575 853 2652 dextro
884 2592 1006 2653 oontra
1043 2575 1312 2679 hypoohondrio
1349 2607 1415 2656 nee

306 2693 637 2790 intumesoentiam,
661 2717 726 2766 neo
751 2692 934 2776 minimam
958 2693 1183 2792 molestiam,
1212 2696 1287 2796 ipsa
1313 2683 1414 2780 airus

308 2825 349 2888 ut
372 2811 410 2885 in
434 2811 528 2885 sanis
542 2835 607 2885 auo
624 2809 918 2912 oorrespondebat
934 2813 1080 2886 muneri.
1098 2813 1259 2888 Deoootis
1276 2841 1413 2894 amaro-

308 2927 523 3004 solventibus
548 2952 630 3003 oum
655 2951 783 3004 aroarro
818 2927 1023 3031 duplioato,
1054 2945 1159 3032 atque
1196 2931 1416 3008 hietiouibus

308 3075 390 3123 eum
414 3048 600 3124 linimento
623 3047 758 3124 volatili
783 3074 826 3123 eo
850 3049 1075 3152 perduximus
1101 3053 1193 3149 aegri
1210 3065 1357 3149 statum,
1372 3067 1419 3127 ut

307 3165 438 3268 splenis
463 3165 642 3246 volumine
667 3177 704 3241 et
726 3165 854 3242 duritie
878 3165 1082 3248 notabiliter
1109 3169 1305 3241 imminutis
1339 3169 1415 3270 ipsa

273 3315 278 3324 ·
308 3279 526 3382 oholopottsir
550 3280 596 3356 ad
626 3281 812 3382 pristinum
844 3285 1110 3383 restitueretur,
1147 3299 1252 3387 atque
1286 3285 1415 3360 icterus

308 3423 351 3474 ex
374 3399 769 3503 integrodissiparetur.

702 3661 807 3712 uolut
833 3663 1019 3725 SFOMchl,

356 3873 497 3948 insueta
522 3871 715 3976 frequentia
739 3873 940 3976 macunen
955 3876 1088 3975 coritis,
1104 3892 1141 3953 et
1155 3903 1317 3956 ratonem
1339 3903 1415 3952 ma·

299 3997 424 4095 jorum
446 4005 604 4070 nostram
629 4019 699 4067 non
726 3994 801 4068 sine
836 4000 913 4096 jure
937 3997 1128 4071 concitavit
1162 3997 1414 4072 adtentionem

306 4109 450 4184 Praeter
472 4109 673 4186 rodarum
697 4109 845 4205 unum,
869 4111 985 4188 lausto
1013 4116 1132 4188 omine
1166 4127 1415 4215 personatam,

308 4233 408 4327 eujus
432 4227 647 4313 metationem
672 4255 777 4329 supra
808 4226 981 4326 lecimus,
1011 4244 1117 4332 utque
1147 4229 1412 4332 larrbuperiear·

307 4343 391 4416 dion
420 4347 613 4444 irripiens,
646 4345 715 4420 hoe
751 4367 870 4421 mense
907 4349 1047 4443 nsum,
1081 4345 1247 4448 nullaque
1282 4347 1414 4432 desen-2

306 4459 427 4558 ptione
455 4459 623 4562 agnum,
645 4464 754 4540 trium
777 4465 946 4550 duntaxat
970 4465 1145 4546 mensium
1161 4467 1278 4570 spatio
1296 4467 1415 4542 decem
