3252 5166
352 295 424 369 226

346 413 565 512 comiteratg
595 417 689 514 aegri
714 403 808 488 enim
843 409 1029 488 sudoribus
1063 441 1229 517 persaepe
1263 415 1470 512 diffluunt,

345 533 432 632 quin
456 529 515 605 vel
540 533 730 606 minimum
754 532 837 610 inde
862 535 1003 634 capiunt
1026 532 1320 630 emolumentum,
1342 535 1470 610 inuno

344 647 536 722 rheumatis
553 651 687 724 serratio
704 676 858 752 eousque
882 651 1107 752 impossibilis
1132 651 1311 747 redditur,
1326 679 1469 753 quous·

344 791 415 866 que
439 765 618 840 abnormis
643 767 703 840 illo
728 769 825 842 nisus
843 767 1082 868 eplridroticus
1099 794 1172 844 uon
1188 767 1293 846 lberit
1317 769 1465 842 cicura-

346 897 412 958 tus.
430 885 655 987 Quapropter
672 889 806 986 genesis
822 887 1046 962 rheumatum
1064 913 1085 962 e
1101 887 1205 994 longe
1222 888 1297 964 aliis
1320 889 1463 990 princi·

343 1007 411 1106 piis
428 1007 582 1080 eruenda
600 1008 675 1081 erit
692 1008 858 1082 Nostram
874 1007 940 1084 hcc
956 1011 993 1080 in
1017 1023 1224 1110 argumento
1248 1011 1460 1111 opinionem

344 1123 465 1224 paucis
490 1123 645 1226 prolerre
663 1124 782 1220 liceat,
800 1153 927 1227 quam,
943 1129 1006 1200 etsi
1026 1127 1220 1227 apodictica
1246 1125 1461 1200 certitudine

336 1241 515 1317 ¹hactenus
532 1269 649 1317 carere
665 1247 732 1345 ipsi
748 1244 911 1319 lubenter
931 1245 1118 1345 latoemur,
1139 1247 1238 1320 lactis
1264 1261 1385 1320 tamen
1411 1247 1460 1320 ab

342 1366 556 1466 experientia
567 1367 696 1467 petitis,
709 1382 814 1468 atque
825 1369 1018 1470 praeceptis
1030 1366 1267 1472 physiologiae
1279 1367 1458 1468 otpatbo·

343 1479 466 1583 gelriae
474 1509 664 1560 consonam
676 1511 751 1559 esse
761 1485 1145 1585 arbitramur,ideoque
1157 1485 1459 1585 amplectendam,

343 1603 457 1678 dmaec
484 1606 688 1678 versutiores
713 1607 751 1678 in
777 1606 920 1678 scicntia
937 1608 1003 1682 riri
1023 1603 1203 1682 meliorem
1228 1604 1459 1679 substituent.

392 1721 594 1822 Superllciei
619 1737 802 1818 cutaneae,
833 1750 923 1824 quae
957 1724 1126 1796 extimum
1162 1724 1350 1821 organismi
1386 1722 1458 1794 hu·

341 1841 437 1913 mani
463 1841 597 1942 effingit
621 1839 751 1940 limen,
780 1855 917 1942 praetor
952 1828 1141 1920 multilbn'a
1180 1841 1335 1936 omnia„
1365 1836 1459 1912 illud

340 1986 482 2063 quoque
506 1962 706 2053 incumbit,
733 1977 772 2039 ut
801 1964 959 2038 debitum
994 1965 1246 2042 commercium
1281 1963 1457 2036 sustinere

342 2081 452 2177 juvet·
464 2079 556 2153 inter
580 2079 639 2152 illa
666 2081 839 2154 elementa
856 2083 960 2182 primi
978 2079 1131 2178 ordinis,
1147 2107 1238 2180 quae
1254 2105 1319 2185 per
1341 2093 1453 2153 totam

243 2221 246 2228 ’
340 2208 503 2270 staturam
529 2200 722 2271 vastissime
749 2197 996 2293 dominantur,
1020 2199 1149 2298 quibus
1184 2196 1341 2292 nullum,
1378 2197 1453 2269 sive

291 2337 296 2347 ·
341 2314 463 2392 rivum
489 2329 524 2388 et
549 2317 776 2415 organicum,
809 2317 884 2390 sive
919 2329 1101 2392 mortuum
1127 2329 1162 2388 et
1199 2319 1457 2413 anorganicum·

340 2457 469 2536 corpus
495 2445 609 2531 caret,
626 2447 661 2508 et
678 2434 753 2508 sine
778 2460 930 2534 quorum
954 2437 1154 2512 interventu
1181 2433 1277 2506 nulla
1303 2433 1454 2506 existen-

341 2554 412 2650 tia,
436 2549 532 2627 nulla
551 2556 622 2627 vita
639 2551 752 2633 datur.
771 2553 931 2654 intelligo
949 2551 1103 2628 calorem
1119 2567 1155 2626 et
1171 2550 1454 2648 electricitatcm,

341 2668 428 2744 lraec
452 2669 525 2746 duo
551 2673 722 2774 principia
747 2669 1058 2773 imponderabilis,
1079 2695 1168 2773 quae
1194 2669 1345 2744 llatemo
1362 2697 1453 2744 sem·

338 2811 404 2889 per
438 2787 581 2864 vinculo
622 2795 741 2892 juncta
783 2789 993 2891 palmarium
1028 2791 1143 2866 cumis
1176 2791 1270 2868 vitae
1311 2771 1453 2888 ενορμῖι

339 2904 506 2989 efficiunt
525 2909 797 3011 Quamprimum
814 2912 933 3010 itaque
949 2907 1193 3010 atmospbaera
1209 2933 1275 2982 tros
1300 2909 1453 2982 circum·

340 3023 509 3100 ambiens
523 3029 678 3101 insuetas
704 3030 913 3102 variationes
944 3027 1193 3123 thermoticas,
1223 3024 1281 3102 vel
1312 3023 1454 3100 electri·

340 3141 399 3216 cas
423 3141 540 3242 subit,
564 3145 601 3218 in
627 3160 748 3219 nostro
773 3171 914 3246 quoque
940 3141 1138 3246 organismo
1164 3143 1329 3244 arralogae
1351 3143 1454 3222 oscil-

339 3261 488 3339 lationes
513 3267 720 3363 contingant
745 3280 904 3366 oportet,
928 3279 964 3338 et
989 3263 1133 3365 quidem
1158 3289 1201 3337 eo
1232 3261 1449 3339 mauilbstic·

340 3407 415 3480 res,
451 3411 562 3485 eoque
604 3387 816 3487 rapidiores,
851 3413 924 3488 quo
968 3389 1077 3485 magis
1119 3387 1319 3488 superficies
1360 3389 1452 3463 cutis

321 3500 597 3605 ‘indifferentem
621 3531 725 3576 suurn
752 3507 882 3579 arnittit
906 3503 1166 3601 characterem,
1194 3501 1297 3575 illum
1328 3517 1453 3604 utpote

339 3619 673 3716 semiconductoris,
689 3648 753 3722 pro
770 3637 862 3696 statu
880 3623 1001 3696 salutis
1024 3621 1183 3696 absolute
1206 3624 1452 3696 necessarium.

315 3835 319 3844 Ι
340 3737 512 3812 Novimus
538 3755 656 3814 autem
682 3769 701 3814 e
727 3742 902 3844 physicis,
927 3769 1055 3842 aquam
1089 3767 1202 3815 unum
1227 3768 1248 3813 e
1278 3737 1454 3842 principass

335 3857 431 3931 libus
461 3859 642 3960 utriusque
672 3860 836 3933 clementi
870 3859 1145 3933 coraductoribus
1178 3881 1265 3932 esse.
1297 3859 1394 3956 Ergo
1419 3855 1455 3931 si

340 3978 541 4078 superficies
566 3979 676 4052 nostri
704 3977 859 4076 corporis
886 3975 1082 4071 humescit,
1116 3977 1191 4049 sive
1223 3973 1376 4069 balneo,
1402 3976 1452 4046 si·

341 4123 382 4170 ve
409 4095 568 4194 lavacro,
594 4099 667 4170 sive
693 4096 843 4190 sudore,
869 4097 941 4169 sive
968 4093 1165 4168 circumflui
1193 4095 1281 4168 a'eris
1308 4091 1452 4188 udore,

340 4233 375 4291 et
400 4220 537 4292 si‘aura
564 4217 709 4316 frigida,
736 4217 905 4308 lnnnidn,
934 4215 1083 4313 ideuqnc
1113 4211 1223 4286 velnti
1257 4193 1452 4310 symposio-

339 4329 480 4410 lco'trica
509 4363 628 4409 sersus
658 4335 836 4435 quandam
875 4335 964 4406 cutis
999 4332 1138 4432 plagam
1177 4355 1259 4402 cum
1296 4329 1454 4427 impetn,

342 4457 395 4530 vol
410 4459 553 4532 ‘diutins
580 4456 704 4556 adllut,
731 4485 805 4532 uon
836 4455 965 4559 poterit
973 4510 982 4551 ,
1018 4454 1103 4555 quin
1140 4449 1243 4527 solito
1279 4457 1451 4554 majorum
