3264 5194
314 411 366 488 9²

314 507 408 582 nam
433 503 603 604 arbitror,
632 533 701 610 qua
732 504 939 582 morbomm
968 503 1247 609 epidemieorum
1282 519 1319 580 et
1349 506 1425 608 epi-

313 621 524 702 choreorum
549 626 698 726 origines
724 640 760 700 et
790 625 1046 701 vicissitudines
1075 625 1253 726 perquiri,
1283 637 1320 700 et
1349 626 1427 698 eriri

311 757 470 844 possum.
502 744 639 836 Quodsi
675 745 833 819 intimior
866 769 988 818 nexus
1008 742 1252 818 evolutionum
1287 767 1426 816 cosmo·

312 857 555 938 telluriearum
580 888 664 937 cum
688 862 839 937 definitis
864 863 957 938 ritae
988 860 1147 936 animalis
1177 860 1428 936 manifestatio-

313 977 417 1052 nibus
434 977 561 1053 clarius
576 982 794 1079 innotuerit,
809 981 910 1054 lienis
927 1005 999 1054 uon
1017 977 1152 1076 solum,
1172 1003 1298 1082 verum
1316 976 1424 1052 etiam

313 1095 465 1173 eliorum
505 1101 681 1176 viscerum
720 1101 928 1203 passiones,
970 1098 1218 1172 determinatis
1252 1097 1428 1197 terraquei

314 1211 409 1314 globi
434 1213 567 1316 plagis,
602 1233 708 1318 atrpre
739 1216 956 1320 temporibus
990 1240 1197 1291 communes
1231 1211 1426 1317 quadante-

314 1331 649 1408 nusdsrclaresoent.
878 1361 880 1364 ’

368 1447 456 1524 Vita
480 1449 638 1524 Ιιιωιαιια
663 1450 892 1527 simulacmm
916 1450 1058 1526 exhibet
1081 1455 1169 1524 vitae
1198 1449 1430 1540 mundanae,

315 1569 412 1646 unde
438 1577 529 1672 justa
553 1573 713 1674 proiecto
744 1587 820 1648 erat
853 1575 1080 1676 antiquorum
1114 1573 1159 1646 de
1196 1572 1430 1645 microcosmo

315 1687 404 1761 idea.
430 1689 504 1762 Ceu
525 1715 612 1792 pars
636 1693 790 1766 universi
816 1692 952 1764 cunctis
976 1689 1047 1763 illis
1073 1690 1258 1792 subjicitur
1276 1687 1430 1790 legibus,

314 1806 510 1910 iisdemque
534 1810 874 1914 metamorphosibus
899 1809 1007 1885 relate
1032 1807 1078 1882 ad
1102 1811 1257 1910 spatium
1273 1822 1310 1882 et
1337 1821 1427 1882 tem-

316 1949 410 2026 pus,
432 1927 560 2029 quibus
585 1931 717 2028 regitur
741 1945 863 2004 tottam
880 1927 985 2003 Nulla
1003 1929 1040 2000 in
1057 1953 1176 2001 rerum
1199 1942 1325 2001 natura
1343 1953 1428 2001 con-

317 2047 452 2146 tingere
475 2063 593 2149 potest
616 2053 849 2152 permutatio,
873 2051 920 2123 sit
943 2049 1002 2122 illa
1029 2064 1211 2147 constans,
1234 2047 1431 2150 periodica,

317 2166 393 2240 aive
418 2164 630 2264 adventitia,
653 2171 740 2270 quin
765 2171 984 2269 organismus
1013 2166 1190 2242 humanus
1218 2173 1294 2268 ejus
1324 2165 1429 2240 inllu-

318 2309 405 2359 xum
447 2288 665 2387 experiatur,
703 2314 973 2389 perpessamque
1014 2279 1278 2362 innovationem
1314 2286 1430 2360 modis

316 2403 397 2506 plus
421 2406 584 2479 minusve
609 2407 831 2482 evidentibus
855 2405 1050 2509 patefaciat
1075 2403 1203 2480 Nostra
1232 2405 1431 2502 adstantia,

316 2523 428 2598 nostri
451 2537 573 2598 motus
598 2523 723 2598 vitales
747 2539 876 2598 nutum
900 2537 1097 2626 sequuntur
1120 2537 1284 2598 motuum
1307 2522 1431 2624 plans-

317 2659 400 2742 tae,
437 2673 545 2748 wem
584 2649 816 2750 parasitarum
853 2651 962 2722 instar
1003 2647 1199 2722 incolimus.
1234 2646 1325 2721 Inde
1361 2645 1432 2751 jam

317 2763 522 2866 dependent
548 2765 749 2840 essentiales
772 2766 853 2840 illae
877 2765 1115 2864 differentiae,
1131 2791 1218 2868 quas
1234 2766 1272 2838 in
1287 2763 1432 2840 homine

316 2885 413 2983 juxta
430 2879 601 2980 obruatis,
617 2884 701 2956 enni
719 2897 940 2984 temporum,
965 2881 1199 2983 plrasiumque
1222 2881 1431 2956 diurnarum

317 2999 519 3076 discrimina
544 3001 731 3078 observare
755 3001 848 3077 licet
878 3002 966 3077 lude
995 3001 1206 3074 multifariae
1237 2999 1318 3074 illae
1348 3025 1431 3100 pro·

318 3143 436 3192 cessus
461 3118 576 3192 uitalis
618 3120 776 3217 formae,
816 3147 904 3222 quas
945 3117 1061 3193 incola
1104 3142 1213 3192 zonae
1254 3117 1434 3216 torridae,

317 3251 527 3330 αμφισκιος,
550 3276 602 3294 ·--
631 3262 740 3312 zonae
771 3236 922 3338 polaris,
951 3257 1139 3336 περισκιος,
1166 3279 1218 3292 -
1253 3248 1291 3308 et
1322 3260 1433 3310 zonae

317 3360 550 3448 temperatae,
574 3349 781 3452 ἔτεροσκιος,
812 3355 925 3428 offert.
955 3353 1043 3426 Inde
1079 3355 1194 3428 variae
1228 3355 1431 3428 manifesta-

316 3464 573 3542 tionum'vitae
597 3471 898 3569 modificationes,
922 3485 1028 3571 atque
1053 3471 1242 3566 diatheses,
1258 3497 1349 3573 qrrae
1365 3471 1432 3546 ho·

316 3581 451 3656 minem
475 3611 641 3684 remum,
666 3591 858 3686 aestivum,
884 3589 1124 3662 autumnalem
1159 3605 1196 3664 et
1230 3589 1431 3692 hybenrum

317 3699 546 3803 distiuguuut
572 3707 665 3780 Hinc
689 3707 842 3809 denique
868 3710 1005 3782 diversa
1022 3707 1083 3780 illa
1104 3708 1431 3810 plraenomenorum

315 3821 411 3894 vitae
435 3824 550 3920 ratio,
575 3851 683 3927 quam
707 3827 885 3928 periodica
911 3827 1038 3900 rotatio
1064 3825 1199 3900 telluris
1231 3827 1323 3900 circa
1353 3853 1434 3928 pro-

316 3937 432 4039 priam
455 3941 569 4040 arim,
594 3957 630 4016 et
654 3969 744 4045 quae
769 3943 853 4020 iude
878 3945 1035 4047 pendent
1060 3961 1212 4046 quatuor
1240 3945 1311 4019 diei
1338 3961 1429 4020 tem·

316 4085 403 4159 pora
413 4113 428 4152 ,
453 4087 598 4161 aurora,
622 4065 804 4163 meridies,
828 4093 954 4168 vesper
970 4081 1006 4141 et
1023 4092 1114 4163 nox,
1137 4067 1175 4140 in
1198 4067 1327 4168 quovis
1349 4079 1432 4140 ente
1532 4087 1536 4095 ·

315 4179 425 4276 rivo,
448 4181 556 4283 inque
581 4183 725 4258 homine
750 4186 828 4285 ipso
852 4185 1026 4286 producit.
1043 4228 1094 4240 -
1110 4184 1319 4258 lsochronas
1345 4210 1431 4258 ero·

316 4295 488 4396 luticnes,
512 4299 634 4402 quales
659 4305 697 4376 in
731 4331 973 4389 macrocosmo
1008 4303 1230 4400 succedunt,
1261 4305 1370 4378 etiam
1395 4307 1433 4376 in

316 4415 550 4493 microcosmo
585 4419 742 4496 humano
768 4425 992 4524 ecrrtingere,
1022 4425 1118 4497 vitae
1153 4421 1370 4496 cuniculum
1394 4425 1433 4497 in

315 4533 389 4607 suis
417 4534 536 4609 stadiis
568 4535 758 4618 clarissime
792 4540 1019 4618 demonstrat
1052 4541 1170 4614 Homo
1201 4541 1360 4616 nascitur
1397 4553 1434 4614 et
