3264 5194
1267 349 1333 450 167
1456 363 1460 372 '

521 546 526 556 ,
624 493 728 544 nourr
753 491 942 544 seonaorer.

257 705 485 807 'Quicunque
502 701 644 780 morbos
661 703 874 804 epidemieos
891 705 1147 780 anniversarios
1169 701 1338 780 adcurate

225 821 410 920 observat,
433 821 536 898 laeile
560 824 785 899 convincitur
818 849 879 898 eoe
917 849 1058 924 semper
1092 849 1112 896 e
1148 821 1260 898 olonae
1291 822 1340 896 fe·

224 941 343 1016 briem
368 967 466 1038 esee,
489 963 580 1042 quae
602 966 686 1016 mox
710 941 787 1015 eine
812 940 883 1016 ulla
909 941 1081 1016 eminenti
1113 939 1194 1014 labe
1226 944 1341 1042 eujus·

225 1059 310 1134 dam
334 1059 476 1134 visceris
501 1058 692 1156 incedunt,
702 1055 828 1160 febres
850 1059 1025 1162 smmhree
1035 1110 1050 1149 ‚
1074 1083 1158 1134 mox
1187 1059 1342 1160 topicam

225 1174 354 1256 alicubi
370 1177 571 1278 pastionem
593 1178 632 1251 in
648 1176 828 1253 connubio
843 1175 977 1252 habent
987 1233 997 1274 ,
1008 1172 1131 1278 febres
1146 1179 1342 1252 comitante.

225 1293 363 1370 Ultimo
387 1307 507 1370 autern
531 1315 614 1369 eeeu
639 1297 771 1397 potito,
798 1293 966 1396 n'ullaque
991 1294 1079 1392 alia,
1102 1307 1242 1396 praeter
1266 1294 1342 1395 epi·

225 1412 423 1509 domicum,
447 1407 614 1514 prophani
628 1412 813 1510 admista,
836 1411 897 1488 illa
914 1426 1054 1489 tanturn
1070 1411 1243 1488 adflictari
1259 1433 1343 1485 eon·

229 1545 397 1608 suescunt
420 1545 611 1634 systemata
637 1545 674 1606 et
697 1533 853 1628 visoere,
876 1551 968 1635 queo
992 1529 1039 1608 ad
1062 1553 1267 1632 processum
1287 1529 1341 1603 ri&

227 1661 284 1723 tae
308 1650 512 1749 organicae,
535 1673 598 1723 eeu
635 1651 872 1750 vegentino,
903 1643 1160 1724 individualem
1198 1671 1343 1723 ooneer-

227 1767 410 1842 rationem
438 1787 508 1868 pto
534 1787 643 1869 eoopo
678 1765 861 1866 habentis,
894 1765 1118 1864 referuntur,
1152 1767 1204 1842 nti
1240 1787 1344 1861 vara,

226 1885 327 1960 nerui
351 1883 565 1986 ganglianos,
588 1882 798 1985 pulmones,
821 1883 1064 1980 ventriculus,
1087 1881 1344 1980 intereunte·

226 2027 312 2103 par,
335 2000 424 2098 lien,
447 1999 674 2076 membranae
699 2027 878 2100 mueoeae,
901 2001 1099 2076 velamenta
1123 2023 1258 2096 amosa,
1278 2025 1341 2074 ou·

228 2121 284 2194 tis.
308 2119 547 2194 instrumenta
571 2120 665 2192 ritae
695 2117 851 2219 ultionis,
883 2117 1044 2193 animalis
1080 2119 1188 2210 etium
1212 2116 1344 2216 diotae,

228 2235 471 2344 eneephalon,
494 2233 650 2310 medulla
674 2233 839 2338 spinalis,
863 2249 993 2337 organa
1022 2230 1208 2332 mulera,
1236 2247 1344 2335 atque

228 2355 309 2451 illa,
333 2379 424 2456 quae
449 2351 496 2428 ad
520 2354 631 2430 vitem
655 2348 923 2456 propagetlvam
953 2366 1137 2456 epeomnt,
1168 2352 1222 2426 uti
1255 2377 1343 2428 ova·

99 2481 101 2488 “
210 2446 301 2568 nia,
326 2487 465 2569 uterus,
494 2485 621 2570 teste,
651 2470 697 2546 eb
730 2472 936 2574 epidemieie
964 2471 1176 2570 influxibus,
1208 2471 1343 2548 directe

226 2594 353 2668 saltem
377 2594 536 2690 ratione,
559 2617 743 2694 nunquam
767 2587 1018 2690 offenduntur,
1040 2605 1259 2694 quapropter
1282 2615 1343 2666 eo·

226 2735 309 2784 rum
332 2708 627 2784 inflammationes
652 2711 770 2810 potino
785 2709 988 2810 eporadieie
1006 2705 1146 2816 casibus
1170 2708 1342 2785 adnumea

227 2853 356 2901 ramue.
381 2826 456 2901 Nec
482 2825 572 2902 adeo
595 2826 747 2900 arduum
774 2823 864 2900 soret
892 2848 1066 2928 petreum,
1096 2825 1204 2928 hojue
1232 2825 1343 2928 plue«
1390 2891 1392 2901 .

228 2947 373 3046 nomeni
408 2946 584 3020 rationem
619 2945 786 3042 reddere,
819 2947 850 3020 ei
887 2945 1147 3048 praedictarum
1179 2947 1344 3048 partium

229 3068 431 3168 specificam
460 3065 668 3148 relationem
702 3064 749 3140 ad
782 3065 886 3167 longe
920 3063 1012 3148 alius
1048 3065 1183 3166 generis
1216 3063 1343 3140 inuita·

228 3199 370 3283 menta,
392 3207 500 3287 quom
525 3209 616 3286 quae
644 3170 831 3286 periodioio
867 3185 951 3258 enni
985 3197 1188 3285 temporum
1222 3181 1343 3258 evoli»

229 3302 407 3401 tionibus,
430 3301 488 3377 vel
512 3301 665 3378 fortuitis
691 3301 956 3405 atmoeplraerae
972 3299 1225 3377 venationibus
1245 3325 1341 3376 com·

228 3423 401 3526 prehendi
425 3435 591 3525 pereunt,
621 3423 741 3496 animo
772 3422 938 3496 curatiori
968 3419 1218 3522 pervolvimus.
1246 3419 1341 3494 lline

228 3542 337 3615 etiem
371 3541 574 3615 mototlem
608 3553 645 3614 et
669 3535 809 3641 fiebrem
844 3539 1102 3642 puerpemlem,
1126 3535 1196 3615 hoo
1219 3561 1342 3614 mense

228 3657 467 3754 observatam,
484 3683 503 3730 e
519 3655 615 3732 tribu
640 3657 918 3758 epidemicorom
941 3655 1163 3732 exclusimus.
1180 3657 1342 3731 Priorem

227 3777 433 3877 dysmenia,
461 3775 692 3875 posteriorem
718 3788 846 3876 pernes
875 3797 1009 3846 sumere
1039 3769 1233 3847 leborioeru
1262 3797 1343 3872 pro·

230 3895 364 3994 genuit,¹
387 3891 494 3966 Nulla
529 3893 804 3968 venaeeectionie
835 3891 1043 3964 necessitate
1077 3901 1239 3989 urgente,
1266 3887 1341 3962 oola

227 4011 373 4088 decocta
398 4009 658 4111 refrigerantia,
683 4009 920 4110 eccoprotioa,
944 4005 1112 4109 clysteree
1137 4005 1268 4102 oleoei,
1281 4031 1342 4078 oa·

230 4127 440 4229 taplaemate
476 4125 716 4224 emollientia,
746 4141 852 4228 atque
881 4126 1026 4227 spongia
1062 4123 1184 4226 tepido
1217 4122 1344 4197 hunro-

228 4272 267 4319 re
297 4245 458 4344 imbuta,
495 4261 531 4322 et
564 4247 658 4322 oinui
695 4248 864 4323 continuo
895 4247 1036 4322 admota
1067 4243 1341 4347 complacandae

227 4365 414 4439 irritationi
455 4365 642 4464 uterinae,
679 4379 716 4442 et
752 4365 952 4445 revocando
977 4361 1155 4442 stillicidio
1185 4361 1341 4440 cohibito

176 4469 183 4482 ’
228 4483 453 4562 suffecerunt
