3228 5166
1241 376 1284 456 ¹7

172 471 434 568 instituissent,
457 469 586 572 quibus
611 484 750 572 practer
773 469 991 547 dialecticam
1014 483 1050 546 et
1074 469 1287 552 rhetoricam

172 592 281 664 etiam
305 617 361 664 ars
387 589 524 662 metlica
550 589 756 684 doceretur,
780 588 966 687 dignitates
991 590 1210 666 academicae
1235 591 1287 663 di-

171 707 450 797 stribuerentur,
475 721 512 780 et
535 721 697 782 veterum
732 707 951 788 Graecorum
979 707 1060 781 libri
1094 710 1132 782 iu
1169 709 1287 810 Syria·

173 851 280 922 cum,
303 837 341 898 ct
364 823 556 898 Arabicum
579 825 712 900 idioma
736 837 966 900 verterentur.
987 825 1147 899 Fuerunt
1170 828 1288 926 itaquo

172 945 399 1046 potissimum
423 943 614 1018 Christiani
638 969 703 1046 per
727 944 907 1016 Orientem
941 943 1107 1044 dispersi,
1136 969 1289 1045 quarum

172 1089 281 1163 opera
308 1061 442 1136 factum
467 1077 543 1158 est,
566 1077 609 1136 nt
631 1061 743 1136 literis
771 1063 810 1134 iu
839 1058 1048 1161 Principum
1072 1061 1289 1134 saracenico

173 1205 256 1257 rum
281 1181 379 1256 aulas
404 1181 519 1266 aditus
545 1183 748 1282 aperiretur.
766 1182 829 1254 lati
855 1186 926 1282 jam
942 1182 1010 1257 riri
1035 1179 1153 1278 docti,
1177 1181 1288 1255 maxia

173 1324 272 1372 mam
296 1313 434 1399 partem
466 1325 490 1371 e
525 1299 744 1373 Graecorum
777 1297 965 1401 disciplina
997 1299 1172 1399 proiecti,
1206 1323 1291 1372 cum

173 1419 366 1518 praecipuo
401 1433 479 1494 arte
512 1418 678 1515 medica,
712 1445 821 1519 quam
862 1417 1017 1493 studiose
1059 1415 1268 1492 exercebant
1279 1487 1290 1526 ‚

174 1533 402 1635 Principibus
427 1559 465 1608 se
490 1535 807 1631 commendarant,
841 1533 1014 1636 paulatim
1049 1535 1144 1637 apud
1170 1549 1290 1614 cos-et

175 1652 266 1747 sibi,
289 1665 326 1725 et
350 1649 544 1750 doctrinis,
566 1678 654 1752 quas
679 1652 957 1752 profitebantur,
981 1655 1227 1729 auctoritatem
1254 1667 1291 1728 ot

176 1772 309 1844 famam
347 1771 588 1858 eonciliarunt.
632 1773 804 1864 Quamvis
843 1775 940 1846 enim
978 1774 1108 1848 Arabes
1142 1775 1288 1848 medicis

182 1890 383 1962 christianis
408 1889 469 1962 diu
495 1889 715 1988 diffiderent,
749 1891 966 1990 gravioribus
1003 1906 1122 1965 tarueu
1155 1891 1289 1966 morbis

177 2006 340 2108 impliciti
364 2007 411 2082 ad
435 2033 558 2084 eorum
583 2021 696 2083 artem
719 2022 756 2082 et
772 2007 972 2086 doctrinam
996 1989 1182 2109 confugere
1205 2021 1289 2082 sunt

179 2127 303 2202 coacti.

226 2243 270 2318 Id
293 2245 444 2318 maxime
469 2245 514 2318 ab
539 2245 605 2320 illo.
626 2259 787 2347 temporo
810 2245 958 2342 accidit,
974 2268 1047 2346 quo
1071 2242 1201 2318 familia
1217 2269 1289 2318 mc·

176 2363 339 2438 dirorum
364 2365 671 2462 Nestorianorum,
695 2391 786 2466 qaas
810 2364 883 2439 sub
904 2365 1084 2440 communi
1115 2365 1287 2436 Brcnrrs·

144 2549 148 2556 .
178 2507 327 2579 cuwru,
350 2482 574 2578 Bocnrsnsn,
591 2511 655 2556 son
678 2483 865 2558 Santonon
891 2485 1040 2567 Carusrr
1063 2483 1206 2556 nornine
1230 2481 1286 2552 iu.

109 2587 112 2596 ¹
175 2603 314 2699 notuit,
348 2603 559 2703 singularem
591 2605 722 2680 firmam
751 2617 788 2678 et
818 2603 1011 2678 Galilarum
1041 2603 1206 2678 fidueiasu
1236 2612 1289 2678 est

175 2734 288 2794 tracta.
314 2723 449 2796 Eorum
474 2724 629 2821 primus,
654 2722 858 2818 Gaorcrus,
882 2722 985 2796 Anno
1013 2747 1085 2822 77²
1123 2719 1167 2792 ab
1199 2717 1291 2790 urbe.

95 2865 98 2872 ’
175 2838 420 2938 Gandisapora
448 2838 654 2938 Ragdadum
681 2841 887 2933 accersitas,
920 2837 1069 2923 Calisam
1101 2837 1287 2908 Atunnso·

175 2981 263 3048 nnn,
287 2971 368 3054 post
391 2958 489 3030 irn'ta
515 2957 670 3029 Arabum
696 2957 915 3030 medicorum
933 2955 1182 3048 tentarnina,a
1207 2977 1288 3050 per-

176 3071 289 3142 vicaci
313 3071 440 3144 morbo
464 3071 610 3146 delinitor
633 3073 804 3146 liberavit.
829 3073 928 3145 lluio
947 3067 1120 3172 Prirrcipi,
1145 3085 1289 3143 strenuo

176 3185 358 3259 literarum
384 3189 532 3286 fautori,
556 3193 617 3292 qui
642 3192 809 3290 protinus
840 3204 881 3264 ut
914 3191 1041 3264 urbem
1076 3189 1172 3292 pacis
1197 3189 1287 3287 Bags

176 3303 310 3377 dadum
336 3305 571 3404 condidisset,
591 3309 687 3408 pacis
712 3309 819 3382 ctiam
844 3322 935 3382 artes
952 3305 1086 3410 populo
1109 3332 1173 3380 suo
1190 3331 1287 3380 ama*

173 3422 262 3506 biles
304 3423 450 3498 reddere
485 3440 631 3499 conatus
667 3439 747 3522 est,
787 3424 978 3501 Academia
1015 3423 1288 3524 Bagdademis,

174 3544 267 3616 oirca
292 3543 331 3617 Α.
359 3543 429 3645 762
456 3557 571 3618 erecta
585 3548 603 3642 ,'
618 3571 720 3618 snam
744 3543 867 3620 debuit
891 3546 1070 3645 originem.

172 3690 176 3698 ·
224 3663 312 3734 Erat
335 3659 385 3734 ibi
410 3661 875 3762 medicoruerollegium,
909 3689 973 3764 per
1008 3677 1125 3737 totum
1160 3661 1286 3735 Orien,

175 3795 247 3854 tem
273 3781 562 3878 celeberrimum,
592 3789 692 3885 cujus
728 3783 911 3859 Antistitcs
946 3779 1158 3882 scrupuloso.
1188 3783 1285 3880 prins

174 3902 326 3973 examini
350 3901 521 4002 subjicere
546 3901 741 3976 debuerant
778 3900 989 4002 discipulos,
1024 3915 1137 3974 artem
1174 3899 1286 3973 medi«

174 4045 253 4090 carn
279 4019 467 4092 exercitare
492 4021 694 4119 cupientes,
722 4033 803 4092 ante
834 4043 941 4118 quam
967 4019 1016 4091 eis
1041 4017 1193 4102 bonores
1210 4041 1287 4088 aca-

175 4134 331 4208 demicos
355 4135 569 4230 tribuerent,
594 4163 746 4238 quorum
771 4138 886 4237 prima
921 4128 1065 4235 vestigia
1101 4133 1147 4208 ad
1177 4133 1287 4208 hocce

174 4250 465 4326 Nestorianorum
496 4279 623 4325 aerum
653 4250 862 4330 referuntur.
895 4253 1010 4328 Tanta
1046 4251 1095 4326 ab
1122 4249 1286 4326 omnbus

174 4367 299 4458 mundi
324 4367 434 4470 plagis
460 4369 505 4442 ad
535 4395 669 4445 norum
705 4371 888 4446 Musarum
923 4369 1111 4445 delubrum
1141 4364 1287 4446 adlluxit

175 4485 378 4574 docentium
403 4501 440 4560 et
456 4487 666 4574 ducerruum
683 4491 805 4593 oppia,
821 4504 862 4566 ut
878 4488 1059 4593 quondam
1080 4484 1171 4564 ultra
1187 4485 1286 4564 6000

224 4601 411 4682 Huaansr.
437 4604 535 4684 Anu.
563 4604 653 4684 Ctn.
678 4606 713 4685 J.
1013 4631 1034 4677 2
