3264 5194
1259 385 1329 487 s,

221 503 312 576 intra
351 499 629 606 nyctlsemerum'
658 503 926 579 consumendas.
963 501 1080 580 Altera
1120 503 1179 582 die
1215 507 1326 606 repeti
1419 585 1423 596 ,
1458 504 1465 516 ’

220 622 385 720 jussimus
409 619 729 720 medicamentum,
752 622 849 723 quod
873 622 995 722 airum
1018 625 1199 724 aliquoties
1224 626 1335 720 civit,

200 749 327 838 'atque
363 736 581 812 stillicidium
616 737 715 814 velut
737 739 915 841 extemplo
945 741 1115 842 dispulit,
1138 765 1213 814 non
1238 741 1325 818 sam·
1351 745 1356 754 '

220 855 312 956 plius
337 855 542 929 rediturum.
567 854 648 930 Non
673 857 873 931 inficiamur
896 857 1084 959 equidem,
1114 857 1234 933 alvum
1268 874 1343 940 tu·-

219 974 407 1047 r'nultuarie
431 989 565 1051 motam
589 976 627 1048 in
651 977 876 1078 reprimendo
900 975 999 1052 fluxu
1017 979 1156 1052 uterino
1172 978 1329 1079 quadan-

220 1107 322 1164 tenus
357 1091 523 1191 prodesse
557 1095 737 1193 potuisse,
770 1115 882 1196 quum
918 1107 1037 1170 tamen
1071 1093 1160 1168 alius
1191 1098 1326 1194 generis

218 1208 408 1282 cathartica
433 1206 522 1283 adeo
546 1209 690 1284 evidens
718 1209 998 1284 emolumentum
1032 1212 1238 1311 neutiquam
1262 1211 1326 1285 ad-

218 1326 352 1423 ferant,
367 1327 536 1427 suspicari
561 1325 645 1400 licet
669 1328 909 1401 medicaminis
933 1329 1110 1429 propinati
1135 1327 1326 1402 efficaciam

218 1443 376 1540 aliunde,
398 1469 507 1545 quam
530 1467 550 1517 e
575 1442 682 1518 solius
708 1443 912 1518 rhabarbari
936 1459 1108 1546 purgante
1132 1447 1169 1520 ri
1194 1445 1325 1546 depen-

217 1560 310 1634 dere.
333 1559 468 1660 Agendi
492 1560 640 1634 modum
664 1573 756 1636 vero.
773 1559 946 1660 explicare
971 1560 1132 1636 nondum
1156 1561 1255 1656 ausi,
1272 1584 1326 1633 re·

216 1680 374 1754 medium
397 1681 540 1754 interim
564 1697 631 1781 pro
654 1681 824 1781 empirico
849 1680 1030 1753 habemus.

266 1796 416 1890 Quantis
432 1797 606 1898 diagnosis
622 1795 821 1872 morborum
833 1798 1125 1898 pmecoeduttwn
1145 1810 1327 1897 prematur

216 1915 508 2012 difficultatibus,
532 1917 643 1990 crrivis
674 1917 910 2018 practicorum
925 1917 1023 1988 satis
1053 1939 1229 2016 superque
1258 1939 1325 1987 no-

216 2045 295 2108 tum
318 2047 394 2130 est,
418 2060 533 2136 neque
557 2035 785 2135 peritissimos
810 2035 848 2108 in
872 2048 947 2108 arte
971 2036 1065 2109 viros
1096 2033 1207 2134 pudet
1242 2057 1327 2106 con·

215 2151 333 2249 fiteri,
356 2153 512 2227 occultas
536 2151 575 2227 id
598 2177 709 2252 genus
731 2151 828 2226 labes
852 2177 1020 2254 persaepe
1045 2149 1324 2253 praeterridisse.

216 2269 398 2361 Quatenus
432 2269 611 2344 semiotica
641 2270 746 2344 unice
781 2268 1034 2344 observationis
1071 2293 1178 2370 penes
1213 2267 1324 2341 lectos

214 2412 398 2488 aegrorum
422 2387 560 2462 fruetus
580 2401 653 2485 est,
669 2387 843 2490 simulque
863 2387 1076 2490 palmarium
1092 2388 1324 2488 diagnostices

214 2506 459 2609 adjumentum
474 2506 698 2609 suppeditat,
713 2521 859 2582 eatenus
875 2533 948 2582 non
964 2507 1098 2610 pigebit
1119 2521 1325 2612 sequentem

215 2625 404 2699 Cardin'clis
428 2624 541 2698 tenue
566 2651 741 2726 exponere
766 2649 898 2700 casum.
927 2629 931 2639 '

262 2739 498 2838 Adolescens,
528 2741 572 2817 16
596 2769 708 2817 arrnos
731 2759 856 2839 natus,
882 2746 1076 2841 morarius,
1092 2741 1326 2844 gravioribus,

214 2885 322 2960 quam
346 2859 474 2934 tenella
499 2875 594 2934 aetas
618 2861 764 2961 impune
799 2859 889 2933 l'erre
919 2861 1114 2961 potuisset,
1143 2859 1323 2932 laboribus

213 2979 420 3076 adstrictum,
444 2993 515 3054 tres
546 2993 629 3054 ante
662 3001 773 3055 annos
811 2980 857 3054 ab
883 2980 1019 3056 -arbore
1054 2979 1124 3054 alta
1160 2979 1324 3080 delapsus

213 3119 356 3196 gravem
380 3096 476 3171 dorsi
501 3109 537 3170 et
561 3095 765 3172 lumborum
788 3095 932 3172 sustulit
947 3099 1213 3194 contusionem,
1232 3098 1323 3198 aptis

214 3213 396 3317 praesidiis
412 3214 589 3290 fortunate
605 3214 818 3316 dissipatam.
835 3214 967 3317 Elapso
982 3239 1104 3288 mense
1122 3213 1206 3288 Julii
1231 3215 1322 3314 1817

214 3333 458 3408 contentiones
491 3333 584 3406 inter
618 3347 655 3408 et
687 3333 779 3406 rixas
810 3333 928 3406 furcae
958 3333 1144 3406 manubrio
1182 3357 1326 3432 gravem

213 3450 326 3524 ictum
351 3475 457 3552 super
481 3449 596 3524 cordis
612 3449 774 3526 scrobem
792 3451 946 3551 aceepit,
963 3475 1069 3552 quem
1085 3450 1202 3523 statim
1223 3447 1325 3523 dolor

212 3571 326 3664 fixus,
351 3567 561 3671 dyspnoea,
585 3567 873 3671 cardiopalmus,
908 3567 1143 3670 oppressionis
1174 3591 1325 3660 sensus,

213 3698 251 3759 ct
286 3683 454 3760 febricula
495 3685 740 3788 sequebantur.
781 3683 1018 3786 Neglectum,
1053 3709 1096 3758 ac
1130 3685 1322 3784 improvisa

212 3803 472 3906 refrigeratione
496 3803 743 3880 exacerbatum
766 3803 902 3880 malum
925 3804 1123 3906 aquinque
1139 3801 1324 3905 phleboto-

212 3926 316 4024 miis,
339 3922 545 4027 pulveribus
569 3923 868 4025 temperantibus,
893 3937 1004 4025 etque
1028 3922 1186 3998 decoctis
1210 3921 1323 3994 muci·

212 4040 374 4142 laginosis
399 4041 542 4145 aliquod
565 4041 712 4144 quidem
745 4041 841 4143 cepit
875 4038 1143 4136 levamentum,
1177 4037 1324 4139 pristina

211 4183 323 4256 vero,
359 4185 450 4262 quae
484 4159 615 4261 opificii
649 4159 855 4234 exercitium
889 4157 1122 4253 admitteret,
1157 4155 1325 4230 valetudo
1442 4189 1448 4198 ·

211 4279 409 4377 recuperari
434 4277 616 4380 nequivit,
639 4278 750 4352 immo
774 4277 918 4354 suborta
949 4276 1097 4379 posthac
1129 4273 1235 4349 febris
1260 4273 1323 4347 he-

211 4395 384 4468 mitritaes
423 4419 569 4495 aegrum
602 4419 667 4497 per
704 4393 823 4496 plures
859 4420 998 4470 memes
1034 4391 1166 4467 lectulo
1190 4385 1321 4466 adfixit
1365 4439 1372 4454 ·

211 4513 277 4588 Die
308 4539 336 4588 1.
360 4514 519 4594 Jsrrusrii
544 4513 716 4592 Clinicum
741 4514 780 4590 in
804 4511 1015 4619 palaestram
1045 4511 1221 4617 recipitur.
1255 4511 1340 4590 Ca·-
