3158 6116
1313 319 1383 392 213

238 423 355 500 nisus
386 433 433 509 in
458 435 687 537 liquationem
712 457 866 519 serosam
892 453 1168 538 promoveretur.
1201 435 1386 524 Libentius
1409 457 1419 481 ··

237 567 339 644 eum
369 553 524 657 Digitali
548 557 790 658 copulavimus
807 559 955 630 Kermes
980 557 1165 653 minerale,
1187 555 1245 631 vel
1268 555 1387 628 Sulsur

237 682 436 764 auratum
462 675 668 768 antimonii,
692 673 905 749 intercalatis
938 699 1003 774 pro
1038 673 1383 758 circumstantiarum

237 785 441 863 varietate
465 792 612 870 decocto
637 795 796 894 stipitum
822 792 1053 866 Dulcamarae
1070 831 1097 886 ,=
1116 791 1173 864 vel
1199 789 1385 892 Oxymelle

240 903 475 1000 squillitico.
562 935 564 938 ·

303 1017 551 1125 Quamquam
576 1028 749 1101 rarissima
775 1053 850 1102 esse
875 1026 1011 1104 soleant
1028 1027 1186 1128 exempla
1207 1026 1388 1130 patronis
1407 1007 1414 1024 ²

238 1151 483 1242 srcppurari,
507 1169 598 1248 qrras
622 1146 742 1220 lethali
767 1173 841 1224 uon
867 1148 1101 1222 tenniuentur
1126 1160 1279 1242 eventu,
1303 1171 1386 1248 pes·

236 1253 393 1332 sibilite
406 1275 477 1336 tetn
501 1265 692 1338 sanationis
719 1279 837 1339 tumen
861 1266 981 1364 negari
1007 1289 1079 1338 non
1104 1289 1234 1366 posse,
1267 1261 1387 1364 plures

238 1373 328 1468 iarn
357 1379 697 1456 animadvertebant
721 1383 891 1482 practici,
914 1407 1050 1485 nosque
1075 1383 1141 1484 ipsi
1158 1382 1196 1456 iu
1213 1405 1296 1456 casu
1314 1377 1387 1453 sere

245 1494 417 1594 iamjrtnt
433 1499 655 1574 conclamato
672 1513 894 1601 compertum
915 1498 1112 1572 habuimus.
1131 1497 1388 1572 Gravissimum

188 1679 196 1682 ,
244 1625 396 1712 utpote
432 1616 880 1719 pleurepnerrmomtidem
915 1619 1091 1692 contraxit
1125 1614 1302 1720 agricola,
1339 1615 1388 1713 46
1417 1715 1419 1723 ⁴

247 1749 468 1830 antrorum,
493 1734 538 1807 ab
564 1735 689 1810 eodem
714 1733 809 1810 malo
834 1741 906 1835 jam
931 1733 1018 1810 alias
1043 1732 1284 1828 conflictatus,
1300 1735 1388 1836 quin

250 1845 473 1928 evidentem
499 1852 678 1928 criminari
702 1851 862 1928 scivisset
886 1877 1050 1948 causam,
1073 1867 1234 1928 strenuos
1251 1852 1282 1927 si
1298 1851 1391 1926 errei-

248 1964 341 2064 pias
363 2025 374 2064 ,
399 1984 436 2044 et
473 1969 622 2046 adverso
657 1969 757 2044 coelo
795 1985 956 2072 peractos
991 1969 1128 2046 labores
1164 1967 1416 2072 campestres

251 2080 335 2168 Per
363 2101 434 2162 tres
459 2087 533 2163 dies
559 2088 656 2163 domi
681 2101 865 2184 moratur,
899 2087 1038 2164 nullum
1074 2113 1094 2162 a
1129 2113 1220 2162 vena
1258 2101 1384 2189 quater

251 2218 385 2277 secata
411 2205 692 2280 emolumentum
722 2218 895 2306 expertus.
931 2205 997 2279 Die
1034 2230 1066 2307 7.
1101 2205 1258 2304 Aprilis,
1293 2229 1383 2306 quae

250 2336 340 2393 erat
369 2337 493 2425 quarta
518 2323 661 2418 morbi,
686 2321 859 2398 Clinicum
884 2321 1050 2398 Scholam
1078 2321 1183 2400 subit.
1219 2321 1384 2398 Tenenti

249 2455 551 2540 symptomatum
576 2438 759 2542 adparatui
784 2439 1049 2540 generosissima
1073 2452 1303 2542 opponuntur
1327 2463 1384 2512 ar·

250 2581 331 2633 ma.
362 2561 507 2636 Praeter
530 2573 629 2635 sueta
654 2557 808 2634 remedia
834 2558 1069 2652 emollientia,
1086 2557 1327 2660 eecoprotica,
1343 2569 1380 2632 et

253 2673 526 2779 diaphorctica‚
540 2679 655 2780 spatio
672 2679 828 2780 quinque
853 2677 993 2750 dierum
1017 2676 1184 2751 undecim
1209 2678 1300 2751 liunt
1323 2702 1385 2750 ve·

257 2795 532 2890 naesectiones,
566 2795 679 2895 iisque
709 2793 789 2894 plus
828 2819 937 2894 quam
972 2806 1117 2868 centum
1151 2793 1386 2869 extrahuntur

258 2911 402 2982 cruoris
427 2911 579 3004 unciae,
613 2910 700 3012 quin
735 2908 930 2984 desiderata
968 2909 1098 2987 virium
1133 2926 1383 3011 oppressarum

258 3021 412 3100 libertas
436 3028 593 3130 potuerit
617 3027 778 3102 obtineri
805 3027 986 3104 Transivit
1009 3025 1083 3103 dies
1109 3029 1280 3130 septimus
1305 3027 1382 3103 abs·

260 3164 337 3243 que
363 3143 436 3234 ullo
462 3147 590 3224 cuseos
615 3145 760 3222 indicio.
785 3145 852 3222 Die
876 3171 913 3246 9.
937 3145 1053 3222 morbi
1083 3145 1229 3248 profuso
1253 3145 1383 3222 sudore
1418 3211 1420 3216 .

261 3261 441 3364 frangitur
464 3263 600 3363 febris,
622 3265 824 3367 spirationis
850 3289 1041 3366 gravamen
1068 3290 1153 3340 vero
1187 3290 1234 3339 ne
1268 3261 1384 3340 bilum

260 3367 412 3481 quidem
436 3381 671 3480 emendatur,
696 3397 817 3484 turgor
841 3383 958 3459 vitalis
985 3385 1023 3457 in
1058 3381 1260 3486 squalorem
1294 3409 1382 3458 con·

259 3501 442 3596 vertitur,
465 3514 502 3574 et
530 3501 711 3575 sinistrum
736 3499 996 3575 antibracbium
1020 3499 1092 3574 levi
1123 3501 1306 3576 oedemate
1330 3500 1384 3574 in·

259 3619 440 3692 tumescit
464 3619 624 3719 Suspicio
649 3617 906 3721 hypoclepscos
931 3643 1070 3694 serosae
1098 3619 1135 3692 in
1171 3643 1260 3694 cavo
1297 3643 1382 3720 pce·

257 3739 351 3812 toris
380 3736 652 3834 revellendum,
684 3751 720 3812 et
744 3738 998 3814 diureticorum
1029 3738 1272 3812 necessitatem
1306 3735 1382 3812 dic·

257 3859 363 3934 tavit
399 3857 519 3950 Quare
556 3871 676 3932 sterno
714 3859 910 3959 imponitur
947 3855 1085 3957 largum
1124 3858 1310 3951 veniesne,
1346 3869 1418 3948 et,

259 3973 457 4048 emollienti
481 3974 617 4074 potioni
643 3973 796 4075 Oxymel
820 3973 1050 4076 squilliticum
1066 3971 1217 4046 additur.
1234 3971 1301 4045 Die
1324 3995 1378 4048 ro.

259 4091 443 4192 quoddam
465 4093 640 4192 lenimen,
655 4095 837 4195 respiratio
854 4093 998 4170 liberior
1010 4118 1022 4191 3
1046 4093 1168 4166 urium
1194 4092 1380 4193 copiosae,

259 4207 536 4310 hypostaticae,
560 4227 665 4314 sputa
700 4211 835 4286 facilius
869 4235 1013 4287 excussa
1030 4241 1051 4308 ς,
1077 4209 1208 4285 vinum
1241 4209 1381 4286 modica

260 4323 504 4401 exorbitantia.
530 4329 679 4431 Vesperi
704 4328 777 4404 duo
799 4329 986 4432 Sinapismi
1005 4327 1051 4401 ad
1067 4325 1213 4401 dorsum
1237 4325 1380 4426 pedum

258 4439 326 4510 Die
359 4465 410 4512 ¹2.
438 4469 557 4518 recens
583 4459 865 4550 symptomatum
895 4445 1186 4542 incrementum,
1220 4441 1378 4546 spirandi
