3228 5166
313 333 359 432 78

308 438 487 551 spondent
511 453 619 525 etiam
642 453 776 551 species
797 452 1005 553 plectarum
1027 467 1152 554 sponte
1180 457 1422 543 nasccntium

306 595 494 670 possumus
519 570 616 644 enim
640 595 699 642 eas
724 568 835 644 veluti
855 571 1060 669 organicum
1076 569 1269 644 amiculum
1286 567 1422 644 telluris

306 688 547 783 considerare,
571 687 670 789 quod
693 686 843 761 eandem
867 687 914 763 ad
938 713 1166 788 geocosmum
1191 687 1300 761 habet
1331 685 1422 760 rela-

306 799 460 900 tionem,
483 831 574 906 quae
598 803 758 905 plumas,
783 803 840 880 vel
864 803 964 906 pilos.
979 806 1073 880 irater
1107 819 1145 880 et
1179 806 1421 905 organismum

307 921 512 996 animalium
546 923 650 1022 viget.
688 922 774 996 Ideo
811 920 953 1022 plantae
986 921 1178 1019 rirulares,
1207 919 1423 1016 fluviatiles,

307 1038 499 1138 lacustres,
524 1039 736 1140 uliginosae,
759 1039 956 1143 palustres,
986 1039 1198 1140 cespitosae,
1218 1037 1420 1112 'mundatae

307 1171 346 1232 et
370 1159 541 1258 ripariae,
564 1184 585 1230 e
602 1156 786 1258 generibus
805 1157 959 1259 Cypari‚
975 1157 1107 1259 Scirpi,
1127 1156 1423 1252 Junci,.Caricis,

307 1276 520 1372 Arundinis,
543 1277 746 1376 Sparganii,
763 1277 973 1372 Hottoniao,
991 1275 1217 1376 Menyanthis
1232 1331 1242 1370 ,
1259 1275 1423 1374 Trapae,

308 1393 617 1492 Potamogetonis,
652 1391 907 1490 Utriculariae,
941 1391 1164 1489 Ranunculi,
1197 1391 1425 1490 Veronioae,

308 1511 560 1614 Nymphaeae,
577 1512 792 1608 conservae,
816 1525 902 1586 etc:
926 1513 1155 1613 praecipuam
1172 1525 1311 1612 partem
1328 1537 1424 1586 oom-

307 1643 448 1730 ponunt
470 1626 600 1704 Florae
629 1627 845 1726 Tic-oman,
868 1655 959 1731 quae
976 1655 1019 1704 ex
1035 1627 1223 1710 ditioribus
1247 1653 1322 1703 noo
1348 1641 1423 1724 eet,

308 1772 423 1847 neque
453 1772 527 1820 esse
556 1760 692 1847 potest,
728 1747 775 1822 ob
806 1773 984 1823 summam
1016 1745 1174 1822 culturae
1206 1763 1355 1844 curam,
1379 1771 1422 1818 ac

308 1861 483 1938 uniforme
507 1863 573 1938 soli
596 1862 693 1964 plani
717 1879 754 1938 et
778 1864 877 1941 uvidi
892 1865 1096 1963 ingenium,
1120 1877 1336 1966 quapropter
1351 1887 1422 1936 nec

312 1979 456 2082 pineta,
479 2005 546 2054 nec
569 1980 711 2083 plantae
734 1983 942 2078 erioetinae,
966 1981 1158 2078 nacoliae,
1181 1979 1310 2088 quibua
1327 1980 1425 2054 arida

313 2114 351 2174 et
379 2101 497 2202 aprica
531 2101 609 2178 loce
645 2129 721 2176 esse
756 2101 873 2178 solent
907 2103 1040 2198 amica,
1074 2103 1313 2180 inveniuntur.
1338 2102 1420 2201 Ipsa

311 2217 440 2314 Ficus,
464 2232 501 2292 et
522 2219 658 2294 Punica
684 2219 905 2317 Granatum,
928 2217 1111 2320 quondam
1124 2217 1166 2296 io
1180 2218 1318 2293 nostris
1340 2215 1418 2318 pla·

313 2337 365 2438 gis
390 2337 610 2438 frequentes,
634 2337 746 2418 indies
770 2339 880 2439 magia
905 2352 1087 2414 rarescunt
1110 2339 1328 2414 increscente
1355 2335 1422 2412 coli

315 2453 473 2530 madore.

396 2607 490 2671 Flora
521 2611 706 2690 Ticinemis,
736 2633 790 2676 seu
821 2611 1019 2682 Enumeratio
1050 2609 1253 2691 Plantarum,
1282 2630 1358 2704 quas
1392 2611 1424 2674 in

312 2714 602 2802 peregrinationibus
622 2717 821 2780 observarunt
840 2729 871 2780 et
891 2715 1075 2801 collegerunt
1105 2718 1298 2781 Dournrouc'
1311 2717 1424 2780 nocer

312 2830 343 2882 at
363 2819 529 2882 locrorum
549 2821 706 2888 Burnum
720 2822 834 2886 Bosara
844 2865 854 2900 ‚
863 2820 979 2908 publici
991 2823 1044 2884 Rei
1058 2822 1217 2886 herberiae
1230 2822 1422 2884 Professores.

312 2925 429 2991 Tomos
449 2927 473 2988 Ι.
494 2927 603 2994 Ticini.
629 2928 718 2994 1816.
737 2961 781 2977 ·-
801 2929 917 2992 'lomus
937 2927 973 2996 11.
998 2928 1088 2993 1825.

361 3069 515 3145 Ubertes
539 3068 737 3148 rivulorum
760 3070 1107 3173 limpidissimorum,
1130 3069 1251 3170 quiad
1267 3069 1427 3168 exiguam

311 3187 590 3288 prolanditatem
602 3187 765 3266 ruderata
781 3203 891 3264 strata
907 3201 1105 3290 permeant,
1121 3187 1428 3283 foecundimimos,

313 3329 381 3378 nec
394 3331 550 3406 unquam
566 3321 761 3381 arescentes
774 3305 939 3408 lynaplzue
946 3311 1107 3408 potorius
1119 3305 1233 3380 lbntes
1246 3302 1426 3407 praebent

313 3422 438 3517 Putei,
454 3447 606 3522 quorum
622 3423 720 3524 nulla
736 3425 832 3530 apud
848 3451 913 3499 nos
929 3426 1097 3525 penuria,
1112 3449 1244 3525 purum
1260 3423 1426 3526 equidem

315 3551 354 3612 et
376 3537 543 3634 illimem,
567 3537 630 3612 sed
654 3539 872 3615 refocillante
897 3541 1023 3641 lligore
1047 3539 1256 3643 plerumque
1282 3540 1426 3615 destitu-
1558 3573 1565 3584 ·

315 3671 414 3756 tum,
438 3685 479 3733 ac
504 3658 643 3734 aestivis
668 3657 792 3738 diebus
816 3685 983 3762 persaepe
1000 3658 1170 3762 vapidum
1195 3673 1232 3733 et
1255 3658 1423 3734 effaetum

314 3775 457 3854 laticem
490 3778 765 3854 subministrant
800 3779 1081 3856 celebratissima
1119 3793 1155 3862 et
1194 3779 1425 3854 saluberrima

138 3873 142 3880 Ι
273 3907 274 3910 ’
316 3900 498 4002 quondam
521 3899 718 3976 habebatur
742 3927 855 4004 aqua,
884 3927 975 4004 quae
1000 3901 1165 3978 exiente
1190 3901 1283 3974 inter
1306 3899 1428 3976 hortos

315 4017 442 4092 urbani
478 4021 679 4094 monasterii
713 4022 824 4095 Dirae
860 4021 991 4095 Mariae
1027 4019 1116 4094 delle
1143 4017 1274 4094 Coccie'
1292 4031 1430 4116 scatet,

316 4133 378 4208 ubi
403 4135 539 4236 Regum
563 4137 876 4236 Langobardorum
900 4139 1041 4214 venatio
1066 4135 1154 4212 olim
1177 4161 1253 4212 esse
1279 4159 1428 4211 consae-

315 4265 435 4350 vorat,
459 4267 495 4328 et
519 4258 619 4354 cujus
644 4253 857 4355 peculiarem
882 4255 1051 4330 virtutem
1073 4255 1112 4328 in
1137 4253 1222 4328 ferri
1246 4255 1322 4328 acie
1347 4280 1428 4356 per·

204 4423 206 4428 ,
316 4371 538 4471 stringenda,
562 4387 599 4447 et
623 4371 694 4448 sale
729 4373 926 4450 dealbanda
966 4375 1073 4449 fuisse
1110 4371 1279 4448 scribunt.
1316 4373 1428 4474 Aquis

317 4489 547 4568 thermulibus
572 4507 609 4570 et
632 4496 767 4572 soleriis
792 4521 935 4601 prorsus
961 4507 1057 4572 caret
1085 4492 1201 4572 solum
1241 4493 1428 4572 Tieineuse
