3148 5170
1204 327 1271 423 alr

175 459 179 470 '
215 445 372 520 Primam
400 445 622 520 iudicationis
652 447 816 546 paginam
851 445 1039 522 absolvunt
1068 447 1214 531 amatim
1240 459 1277 518 et

0 533 1 560 ³
55 573 63 578 '
164 563 369 662 purgantis,
397 564 517 662 prouti
547 561 714 636 colluvies
741 565 884 674 'impura
913 562 970 639 rel
1006 565 1044 638 in
1074 565 1279 658 stomacho,

164 678 221 752 vel
256 681 294 752 in
327 681 502 752 intestinis
541 679 735 778 delitescit,
759 682 909 782 ideoque
934 679 992 760 vel
1027 708 1194 778 sursum,
1218 683 1278 758 vel

164 797 352 895 deorsum,
375 797 433 872 vel
458 799 521 875 siro
546 799 605 872 aui
631 823 717 886 aare
743 797 957 899 expellenda.
983 797 1065 874 Non
1089 798 1185 872 idem
1206 824 1280 874 om·

164 915 269 989 nibus
292 914 438 991 medicis
463 929 517 1016 est
541 915 668 990 modus
694 917 855 991 ventrem
878 914 1076 1017 purgandi,
1099 913 1278 1006 nonnullis

164 1033 260 1106 enini
284 1031 426 1134 placent
450 1031 567 1109 olcosa
580 1089 590 1129 ,
605 1031 682 1108 aliis
698 1033 871 1130 drastioa,
900 1033 1001 1106 nobis
1026 1031 1182 1110 arrident
1204 1033 1276 1108 Ta·

164 1149 317 1224 marindi
350 1152 389 1224 in
426 1151 629 1253 principio,
663 1165 701 1226 et
734 1151 883 1254 posthac
916 1150 1028 1226 salina
1063 1177 1084 1226 e
1121 1151 1276 1230 domem

164 1271 505 1371 amaro-saponaceis
541 1271 738 1372 propinata.
773 1313 824 1330 -·
854 1269 966 1344 Alteri
999 1296 1108 1371 scopo
1142 1269 1278 1368 retich.

164 1391 265 1462 ciunt
288 1387 443 1464 remedia
467 1387 639 1466 solventia
665 1405 702 1465 et
726 1391 916 1490 aperitive,
948 1414 1031 1490 ergo
1056 1414 1076 1462 a
1101 1390 1278 1492 primibus

163 1536 239 1585 non
262 1509 416 1589 multum
440 1509 621 1585 absimilia.
646 1550 698 1569 -
723 1510 888 1585 Tertium
915 1509 1022 1582 briem
1052 1506 1279 1611 adsequimur

164 1627 414 1729 diaphoreticis
437 1625 597 1722 blandis,
625 1641 662 1702 et
686 1628 716 1700 si
740 1627 901 1728 pertinax
925 1626 1032 1701 firerit
1055 1629 1145 1700 cutis
1171 1626 1277 1702 aridi-

166 1759 239 1840 tas,
258 1745 497 1820 'vesicantibus
522 1757 558 1818 et
588 1742 780 1818 lotionibus
816 1741 951 1842 gelidis.
974 1785 1026 1800 -
1055 1742 1199 1817 Viribus
1224 1747 1277 1815 vi·

165 1865 293 1940 talibus
331 1865 475 1940 tandem
505 1864 711 1960 medemur,
744 1889 812 1965 pru
846 1862 986 1939 diverso
1011 1887 1133 1936 carum
1156 1876 1279 1959 statu,

164 2007 248 2058 mox
282 1981 592 2084 antiplrlogisticis,
628 1974 711 2056 mox
744 1979 873 2054 leniter
906 1979 1166 2074 excitantibus,
1196 2007 1279 2054 mox

164 2101 334 2175 methodo
373 2126 470 2174 mere
504 2101 692 2200 negativa,
726 2100 756 2174 si
791 2097 1030 2172 desideratum
1072 2096 1303 2184 observetur,

163 2217 400 2300 moderamen.
426 2217 587 2314 Sanatio,
613 2228 654 2289 ut
677 2215 717 2290 ia
746 2214 910 2290 omnihus
935 2215 1094 2292 febribus
1118 2216 1278 2314 criticis,

165 2349 220 2412 est
244 2361 334 2436 opus
359 2348 516 2408 naturae.

167 2483 170 2493 ·
213 2455 286 2529 Ubi
310 2479 465 2528 unacum
491 2453 675 2556 gastrisrno
698 2453 890 2555 pituitoso,
919 2451 977 2528 rel
1006 2449 1174 2526 bilil'onni
1200 2449 1276 2525 dia-

165 2573 274 2644 thesis
291 2571 398 2646 lebris
414 2571 679 2645 intermittentis
690 2573 728 2644 in
740 2569 918 2645 connubio
931 2584 999 2666 est,
1011 2571 1277 2672 periodicasque

163 2689 444 2762 effervescentias
469 2703 660 2787 provocat,
685 2687 777 2762 hanc
802 2703 1017 2788 postremam
1042 2688 1183 2788 adgredi
1202 2712 1275 2762 non

163 2803 304 2901 licebit,
330 2805 396 2878 nisi
421 2805 518 2905 prior
542 2807 684 2906 ponitus
709 2805 897 2904 dissipatus
923 2806 977 2878 sit.
1003 2805 1141 2880 Accidit
1157 2819 1277 2892 umen

163 2948 237 2998 non
262 2949 363 3020 raro,
386 2947 459 2996 uno
486 2921 582 2996 velut
605 2927 679 2997 ictu
704 2937 893 3023 utrumque
918 2922 1057 2997 hostem
1082 2925 1277 3019 conficere,

163 3045 368 3144 praesertim
385 3045 414 3116 si
436 3043 560 3116 emesis
580 3069 645 3117 suo
669 3057 826 3143 tempore
842 3043 1143 3144 praemittebatur.
1165 3043 1275 3117 Sacris

164 3161 210 3234 ad
233 3159 516 3234 nervine-tonica
533 3159 809 3259 conlhgiendum'
824 3175 920 3256 erat,
944 3186 1039 3260 quae
1055 3161 1149 3235 inter
1165 3175 1276 3234 extra·

162 3293 219 3352 cta
236 3275 374 3351 Tritolii
390 3277 528 3374 fibrini,
553 3277 772 3374 Gentianae,
795 3276 988 3377 Absynthii
1011 3279 1051 3350 in
1066 3303 1159 3378 aqua
1176 3279 1276 3350 Mora-

162 3395 243 3468 thae
269 3395 406 3495 crispae
428 3391 565 3490 soluta,
599 3393 715 3467 inlhsa
750 3408 869 3467 satura
901 3393 1036 3467 Calami
1064 3395 1276 3492 aromatici,

162 3511 220 3586 vel
245 3507 545 3612 Caryophyllatae
567 3535 652 3584 cum
675 3509 758 3584 Sale
779 3511 1000 3586 ammoniaco
1025 3510 1127 3586 nobis
1145 3512 1275 3587 dilecta

162 3656 236 3703 esse
261 3641 496 3724 consuescunt
519 3627 719 3730 pharmaca.
745 3629 862 3704 Unico
886 3642 1025 3702 tantum
1049 3629 1088 3702 in
1113 3655 1197 3704 casu
1223 3629 1275 3702 se·

160 3747 232 3824 bris
259 3748 449 3842 tertianae,
483 3752 582 3846 cujus
617 3748 843 3848 paroxysmi,
873 3771 1016 3821 summa
1040 3749 1171 3822 virium
1195 3775 1277 3851 pro-

159 3865 347 3960 stratione,
371 3863 548 3964 ephidrosi
573 3861 819 3964 colliquativa,
836 3877 873 3937 et
888 3864 997 3938 animi
1022 3863 1185 3966 deliquiis
1210 3867 1274 3940 sti-

160 3986 233 4083 pati
250 4039 264 4084 ,
298 3983 483 4084 irrepentis
520 3981 745 4081 malignitatis
781 3997 919 4058 metum
953 3983 1196 4082 incutiebant,
1231 3984 1279 4060 ad

159 4099 297 4176 clavam
321 4097 482 4174 Herculis
507 4101 691 4199 peruviani
716 4124 897 4175 recurrere
928 4099 1127 4186 debuimus.

133 4241 138 4252 ’
209 4221 435 4319 Quamquam
460 4217 621 4290 nonnulli
645 4217 792 4320 practici
817 4233 946 4320 typum
963 4217 1117 4294 febrium
1131 4245 1276 4327 prorsus

159 4349 348 4435 spernunt,
373 4333 579 4429 credentes,
604 4331 702 4435 quod
728 4333 824 4410 solus
841 4335 1029 4410 character
1043 4335 1275 4414 sufficientem

158 4477 225 4553 pro
259 4450 475 4526 stabiliendis
510 4451 782 4528 indicationibus
817 4454 986 4534 amussim
1011 4453 1177 4554 largitur,
1210 4483 1275 4532 nos

207 4567 396 4644 Hrtnauun.
422 4567 519 4646 Aren.
547 4567 637 4644 cta.
664 4567 699 4642 I.
1033 4569 1078 4644 16
