<?xml version="1.0" encoding="UTF-8"?>
<!DOCTYPE html PUBLIC "-//W3C//DTD XHTML 1.0 Transitional//EN"
    "http://www.w3.org/TR/xhtml1/DTD/xhtml1-transitional.dtd">
<html xmlns="http://www.w3.org/1999/xhtml" xml:lang="en" lang="en">
 <head>
  <title>
</title>
<meta http-equiv="Content-Type" content="text/html;charset=utf-8" />
  <meta name='ocr-system' content='tesseract 3.04.00' />
  <meta name='ocr-capabilities' content='ocr_page ocr_carea ocr_par ocr_line ocrx_word'/>
</head>
<body>
  <div class='ocr_page' id='page_1' title='image "./annalesscholaec00hildgoog_0238.png"; bbox 0 0 3252 5166; ppageno 0'>
   <div class='ocr_carea' id='block_1_1' title="bbox 327 420 1469 3936">
    <p class='ocr_par' dir='ltr' id='par_1_1' title="bbox 327 420 1469 3936">
     <span class='ocr_line' id='line_1_1' title="bbox 338 420 892 514; baseline -0.002 -22"><span class='ocrx_word' id='word_1_1' title='bbox 338 420 410 514; x_wconf 62' lang='lat' dir='ltr'><strong>aad</strong></span> <span class='ocrx_word' id='word_1_2' title='bbox 889 473 892 484; x_wconf 92' lang='lat'><strong>.</strong></span> 
     </span>
     <span class='ocr_line' id='line_1_2' title="bbox 329 527 1441 635; baseline -0.004 -25"><span class='ocrx_word' id='word_1_3' title='bbox 329 555 466 616; x_wconf 79' lang='lat' dir='ltr'><strong>summa</strong></span> <span class='ocrx_word' id='word_1_4' title='bbox 492 529 705 632; x_wconf 67' lang='lat' dir='ltr'><strong>difficultas,</strong></span> <span class='ocrx_word' id='word_1_5' title='bbox 729 535 832 609; x_wconf 86' lang='lat' dir='ltr'><strong>tussis</strong></span> <span class='ocrx_word' id='word_1_6' title='bbox 865 533 1005 631; x_wconf 81' lang='lat' dir='ltr'><strong>inanis,</strong></span> <span class='ocrx_word' id='word_1_7' title='bbox 1039 527 1161 635; x_wconf 85' lang='lat' dir='ltr'><strong>pulsus</strong></span> <span class='ocrx_word' id='word_1_8' title='bbox 1196 531 1319 634; x_wconf 88' lang='lat' dir='ltr'><strong>pleni,</strong></span> <span class='ocrx_word' id='word_1_9' title='bbox 1351 557 1441 634; x_wconf 91' lang='lat' dir='ltr'><strong>sup-</strong></span> 
     </span>
     <span class='ocr_line' id='line_1_3' title="bbox 327 649 1446 758; baseline -0.009 -28"><span class='ocrx_word' id='word_1_10' title='bbox 327 657 448 758; x_wconf 84' lang='lat' dir='ltr'><strong>pressi.</strong></span> <span class='ocrx_word' id='word_1_11' title='bbox 471 649 723 750; x_wconf 72' lang='lat' dir='ltr'><strong>Vermesectio3</strong></span> <span class='ocrx_word' id='word_1_12' title='bbox 745 653 932 728; x_wconf 89' lang='lat' dir='ltr'><strong>decoctum</strong></span> <span class='ocrx_word' id='word_1_13' title='bbox 957 651 1124 726; x_wconf 77' lang='lat' dir='ltr'><strong>Althaeae</strong></span> <span class='ocrx_word' id='word_1_14' title='bbox 1140 665 1176 724; x_wconf 94' lang='lat' dir='ltr'><strong>et</strong></span> <span class='ocrx_word' id='word_1_15' title='bbox 1191 649 1446 743; x_wconf 71' lang='lat' dir='ltr'><strong>Duleamarae3</strong></span> 
     </span>
     <span class='ocr_line' id='line_1_4' title="bbox 328 767 1441 876; baseline -0.008 -29"><span class='ocrx_word' id='word_1_16' title='bbox 328 797 475 876; x_wconf 77' lang='lat' dir='ltr'>vapores</span> <span class='ocrx_word' id='word_1_17' title='bbox 500 771 716 846; x_wconf 79' lang='lat' dir='ltr'><strong>emollientes</strong></span> <span class='ocrx_word' id='word_1_18' title='bbox 750 795 812 845; x_wconf 86' lang='lat' dir='ltr'><strong>ore</strong></span> <span class='ocrx_word' id='word_1_19' title='bbox 846 769 1041 842; x_wconf 89' lang='lat' dir='ltr'><strong>hauriendi.</strong></span> <span class='ocrx_word' id='word_1_20' title='bbox 1072 767 1142 842; x_wconf 90' lang='lat' dir='ltr'><strong>&#39;Die</strong></span> <span class='ocrx_word' id='word_1_21' title='bbox 1184 767 1237 842; x_wconf 84' lang='lat'><strong>¹3.</strong></span> <span class='ocrx_word' id='word_1_22' title='bbox 1275 768 1441 840; x_wconf 83' lang='lat' dir='ltr'><strong>remissio</strong></span> 
     </span>
     <span class='ocr_line' id='line_1_5' title="bbox 327 881 1441 990; baseline -0.004 -25"><span class='ocrx_word' id='word_1_23' title='bbox 327 892 527 988; x_wconf 75' lang='lat' dir='ltr'><strong>matutina,</strong></span> <span class='ocrx_word' id='word_1_24' title='bbox 551 889 618 964; x_wconf 89' lang='lat' dir='ltr'><strong>sub</strong></span> <span class='ocrx_word' id='word_1_25' title='bbox 643 913 805 990; x_wconf 85' lang='lat' dir='ltr'><strong>vesperus</strong></span> <span class='ocrx_word' id='word_1_26' title='bbox 830 903 954 962; x_wconf 87' lang='lat' dir='ltr'><strong>auctus</strong></span> <span class='ocrx_word' id='word_1_27' title='bbox 979 889 1134 962; x_wconf 88' lang='lat' dir='ltr'><strong>enormis</strong></span> <span class='ocrx_word' id='word_1_28' title='bbox 1159 881 1339 961; x_wconf 80' lang='lat' dir='ltr'><strong>fabrilium</strong></span> <span class='ocrx_word' id='word_1_29' title='bbox 1363 913 1441 961; x_wconf 87' lang='lat' dir='ltr'><strong>mo·</strong></span> 
     </span>
     <span class='ocr_line' id='line_1_6' title="bbox 329 1002 1447 1109; baseline -0.002 -29"><span class='ocrx_word' id='word_1_30' title='bbox 329 1023 430 1082; x_wconf 88' lang='lat' dir='ltr'><strong>tuum</strong></span> <span class='ocrx_word' id='word_1_31' title='bbox 456 1021 493 1080; x_wconf 85' lang='lat' dir='ltr'><strong>et</strong></span> <span class='ocrx_word' id='word_1_32' title='bbox 508 1003 720 1109; x_wconf 75' lang='lat' dir='ltr'><strong>dyspnoeae.</strong></span> <span class='ocrx_word' id='word_1_33' title='bbox 746 1007 891 1078; x_wconf 89' lang='lat' dir='ltr'><strong>Decima</strong></span> <span class='ocrx_word' id='word_1_34' title='bbox 908 1007 1010 1079; x_wconf 85' lang='lat' dir='ltr'><strong>tertia</strong></span> <span class='ocrx_word' id='word_1_35' title='bbox 1027 1003 1169 1108; x_wconf 83' lang='lat' dir='ltr'><strong>jubetur</strong></span> <span class='ocrx_word' id='word_1_36' title='bbox 1183 1002 1447 1107; x_wconf 70' lang='lat' dir='ltr'><strong>phlebotomia,</strong></span> 
     </span>
     <span class='ocr_line' id='line_1_7' title="bbox 329 1121 1438 1226; baseline -0.002 -29"><span class='ocrx_word' id='word_1_37' title='bbox 329 1126 522 1221; x_wconf 81' lang='lat' dir='ltr'><strong>maximus,</strong></span> <span class='ocrx_word' id='word_1_38' title='bbox 546 1149 654 1226; x_wconf 87' lang='lat' dir='ltr'><strong>quem</strong></span> <span class='ocrx_word' id='word_1_39' title='bbox 678 1121 747 1196; x_wconf 90' lang='lat' dir='ltr'><strong>boc</strong></span> <span class='ocrx_word' id='word_1_40' title='bbox 773 1146 867 1195; x_wconf 90' lang='lat' dir='ltr'><strong>anno</strong></span> <span class='ocrx_word' id='word_1_41' title='bbox 904 1121 1114 1222; x_wconf 76' lang='lat' dir='ltr'><strong>adtigimus,</strong></span> <span class='ocrx_word' id='word_1_42' title='bbox 1149 1143 1327 1195; x_wconf 84' lang='lat' dir='ltr'><strong>numerus.</strong></span> <span class='ocrx_word' id='word_1_43' title='bbox 1352 1123 1438 1195; x_wconf 85' lang='lat' dir='ltr'><strong>San·</strong></span> 
     </span>
     <span class='ocr_line' id='line_1_8' title="bbox 330 1238 1443 1342; baseline -0.002 -28"><span class='ocrx_word' id='word_1_44' title='bbox 330 1244 406 1340; x_wconf 83' lang='lat' dir='ltr'><strong>guis</strong></span> <span class='ocrx_word' id='word_1_45' title='bbox 431 1253 525 1315; x_wconf 87' lang='lat' dir='ltr'><strong>totus</strong></span> <span class='ocrx_word' id='word_1_46' title='bbox 550 1254 703 1342; x_wconf 85' lang='lat' dir='ltr'><strong>quantus</strong></span> <span class='ocrx_word' id='word_1_47' title='bbox 728 1265 865 1314; x_wconf 89' lang='lat' dir='ltr'><strong>serosus</strong></span> <span class='ocrx_word' id='word_1_48' title='bbox 891 1253 927 1312; x_wconf 93' lang='lat' dir='ltr'><strong>et</strong></span> <span class='ocrx_word' id='word_1_49' title='bbox 951 1238 1151 1313; x_wconf 88' lang='lat' dir='ltr'><strong>dissolutus.</strong></span> <span class='ocrx_word' id='word_1_50' title='bbox 1182 1239 1249 1312; x_wconf 90' lang='lat' dir='ltr'><strong>Die</strong></span> <span class='ocrx_word' id='word_1_51' title='bbox 1280 1239 1333 1333; x_wconf 66' lang='lat'><strong>14</strong></span> <span class='ocrx_word' id='word_1_52' title='bbox 1364 1265 1443 1312; x_wconf 89' lang='lat' dir='ltr'><strong>cre·</strong></span> 
     </span>
     <span class='ocr_line' id='line_1_9' title="bbox 329 1356 1443 1460; baseline 0 -30"><span class='ocrx_word' id='word_1_53' title='bbox 329 1359 508 1433; x_wconf 75' lang='lat' dir='ltr'><strong>arentibus</strong></span> <span class='ocrx_word' id='word_1_54' title='bbox 531 1357 644 1432; x_wconf 87' lang='lat' dir='ltr'><strong>indies</strong></span> <span class='ocrx_word' id='word_1_55' title='bbox 668 1357 807 1432; x_wconf 87' lang='lat' dir='ltr'><strong>indiciis</strong></span> <span class='ocrx_word' id='word_1_56' title='bbox 837 1357 1108 1460; x_wconf 80' lang='lat' dir='ltr'><strong>hydrotlaoraois</strong></span> <span class='ocrx_word' id='word_1_57' title='bbox 1142 1356 1369 1452; x_wconf 87' lang='lat' dir='ltr'><strong>secundarii,</strong></span> <span class='ocrx_word' id='word_1_58' title='bbox 1401 1371 1443 1430; x_wconf 88' lang='lat' dir='ltr'><strong>et</strong></span> 
     </span>
     <span class='ocr_line' id='line_1_10' title="bbox 330 1473 1446 1580; baseline -0.002 -31"><span class='ocrx_word' id='word_1_59' title='bbox 330 1474 440 1550; x_wconf 74' lang='lat' dir='ltr'><strong>fracto</strong></span> <span class='ocrx_word' id='word_1_60' title='bbox 464 1500 608 1580; x_wconf 87' lang='lat' dir='ltr'><strong>prorsus</strong></span> <span class='ocrx_word' id='word_1_61' title='bbox 632 1475 797 1550; x_wconf 91' lang='lat' dir='ltr'><strong>incendio</strong></span> <span class='ocrx_word' id='word_1_62' title='bbox 813 1474 1042 1576; x_wconf 88' lang='lat' dir='ltr'><strong>pulmonum,</strong></span> <span class='ocrx_word' id='word_1_63' title='bbox 1062 1473 1225 1575; x_wconf 84' lang='lat' dir='ltr'><strong>pulveres</strong></span> <span class='ocrx_word' id='word_1_64' title='bbox 1242 1497 1286 1548; x_wconf 84' lang='lat' dir='ltr'><strong>ex</strong></span> <span class='ocrx_word' id='word_1_65' title='bbox 1302 1473 1446 1548; x_wconf 83' lang='lat' dir='ltr'><strong>Sulfure</strong></span> 
     </span>
     <span class='ocr_line' id='line_1_11' title="bbox 331 1586 1442 1694; baseline -0.002 -28"><span class='ocrx_word' id='word_1_66' title='bbox 331 1609 453 1670; x_wconf 81' lang='lat' dir='ltr'><strong>arrruto</strong></span> <span class='ocrx_word' id='word_1_67' title='bbox 478 1595 662 1668; x_wconf 85' lang='lat' dir='ltr'><strong>antimonii</strong></span> <span class='ocrx_word' id='word_1_68' title='bbox 687 1605 724 1667; x_wconf 87' lang='lat' dir='ltr'><strong>et</strong></span> <span class='ocrx_word' id='word_1_69' title='bbox 749 1590 883 1694; x_wconf 90' lang='lat' dir='ltr'><strong>Squilla</strong></span> <span class='ocrx_word' id='word_1_70' title='bbox 908 1593 1104 1694; x_wconf 85' lang='lat' dir='ltr'><strong>propinari,</strong></span> <span class='ocrx_word' id='word_1_71' title='bbox 1129 1604 1165 1665; x_wconf 89' lang='lat' dir='ltr'><strong>et</strong></span> <span class='ocrx_word' id='word_1_72' title='bbox 1188 1590 1341 1665; x_wconf 89' lang='lat' dir='ltr'><strong>brachiis</strong></span> <span class='ocrx_word' id='word_1_73' title='bbox 1366 1586 1442 1665; x_wconf 90' lang='lat' dir='ltr'><strong>duo</strong></span> 
     </span>
     <span class='ocr_line' id='line_1_12' title="bbox 329 1709 1447 1814; baseline -0.006 -24"><span class='ocrx_word' id='word_1_74' title='bbox 329 1716 520 1790; x_wconf 73' lang='lat' dir='ltr'><strong>micantia</strong></span> <span class='ocrx_word' id='word_1_75' title='bbox 545 1713 681 1814; x_wconf 91' lang='lat' dir='ltr'><strong>imponi</strong></span> <span class='ocrx_word' id='word_1_76' title='bbox 705 1713 914 1786; x_wconf 78' lang='lat' dir='ltr'><strong>curavimus.</strong></span> <span class='ocrx_word' id='word_1_77' title='bbox 940 1709 1084 1783; x_wconf 84' lang='lat' dir='ltr'><strong>Tussim</strong></span> <span class='ocrx_word' id='word_1_78' title='bbox 1113 1711 1384 1811; x_wconf 80' lang='lat' dir='ltr'><strong>importunam,</strong></span> <span class='ocrx_word' id='word_1_79' title='bbox 1407 1725 1447 1783; x_wconf 90' lang='lat' dir='ltr'><strong>ct</strong></span> 
     </span>
     <span class='ocr_line' id='line_1_13' title="bbox 331 1829 1445 1930; baseline -0.008 -20"><span class='ocrx_word' id='word_1_80' title='bbox 331 1837 447 1912; x_wconf 87' lang='lat' dir='ltr'><strong>levem</strong></span> <span class='ocrx_word' id='word_1_81' title='bbox 472 1836 635 1909; x_wconf 81' lang='lat' dir='ltr'><strong>ardorem</strong></span> <span class='ocrx_word' id='word_1_82' title='bbox 660 1833 727 1906; x_wconf 90' lang='lat' dir='ltr'><strong>sub</strong></span> <span class='ocrx_word' id='word_1_83' title='bbox 752 1833 863 1906; x_wconf 88' lang='lat' dir='ltr'><strong>mictu</strong></span> <span class='ocrx_word' id='word_1_84' title='bbox 888 1831 1024 1905; x_wconf 86' lang='lat' dir='ltr'><strong>sedavit</strong></span> <span class='ocrx_word' id='word_1_85' title='bbox 1049 1829 1235 1930; x_wconf 59' lang='lat' dir='ltr'><strong>penulam</strong></span> <span class='ocrx_word' id='word_1_86' title='bbox 1252 1829 1336 1930; x_wconf 90' lang='lat' dir='ltr'><strong>Opii</strong></span> <span class='ocrx_word' id='word_1_87' title='bbox 1362 1844 1445 1902; x_wconf 84' lang='lat' dir='ltr'><strong>ante</strong></span> 
     </span>
     <span class='ocr_line' id='line_1_14' title="bbox 332 1945 1449 2049; baseline -0.005 -25"><span class='ocrx_word' id='word_1_88' title='bbox 332 1951 502 2024; x_wconf 86' lang='lat' dir='ltr'><strong>cubitum.</strong></span> <span class='ocrx_word' id='word_1_89' title='bbox 526 1951 593 2024; x_wconf 87' lang='lat' dir='ltr'><strong>Die</strong></span> <span class='ocrx_word' id='word_1_90' title='bbox 625 1950 677 2023; x_wconf 84' lang='lat'><strong>15.</strong></span> <span class='ocrx_word' id='word_1_91' title='bbox 703 1972 826 2021; x_wconf 76' lang='lat' dir='ltr'><strong>versus</strong></span> <span class='ocrx_word' id='word_1_92' title='bbox 843 1945 1090 2049; x_wconf 82' lang='lat' dir='ltr'><strong>crepusculum</strong></span> <span class='ocrx_word' id='word_1_93' title='bbox 1107 1947 1350 2048; x_wconf 85' lang='lat' dir='ltr'><strong>vespertinum</strong></span> <span class='ocrx_word' id='word_1_94' title='bbox 1367 1945 1449 2020; x_wconf 90' lang='lat' dir='ltr'><strong>hor-</strong></span> 
     </span>
     <span class='ocr_line' id='line_1_15' title="bbox 333 2061 1449 2167; baseline -0.007 -24"><span class='ocrx_word' id='word_1_95' title='bbox 333 2095 412 2143; x_wconf 89' lang='lat' dir='ltr'><strong>rore</strong></span> <span class='ocrx_word' id='word_1_96' title='bbox 437 2067 555 2142; x_wconf 89' lang='lat' dir='ltr'><strong>valido</strong></span> <span class='ocrx_word' id='word_1_97' title='bbox 581 2081 617 2140; x_wconf 91' lang='lat' dir='ltr'><strong>ct</strong></span> <span class='ocrx_word' id='word_1_98' title='bbox 641 2067 834 2167; x_wconf 89' lang='lat' dir='ltr'><strong>improviso</strong></span> <span class='ocrx_word' id='word_1_99' title='bbox 869 2065 1027 2166; x_wconf 88' lang='lat' dir='ltr'><strong>quatitur</strong></span> <span class='ocrx_word' id='word_1_100' title='bbox 1058 2087 1187 2164; x_wconf 69' lang='lat' dir='ltr'><strong>aeger,</strong></span> <span class='ocrx_word' id='word_1_101' title='bbox 1220 2061 1328 2164; x_wconf 89' lang='lat' dir='ltr'><strong>paulo</strong></span> <span class='ocrx_word' id='word_1_102' title='bbox 1365 2077 1449 2165; x_wconf 87' lang='lat' dir='ltr'><strong>post</strong></span> 
     </span>
     <span class='ocr_line' id='line_1_16' title="bbox 332 2182 1449 2288; baseline -0.005 -25"><span class='ocrx_word' id='word_1_103' title='bbox 332 2198 440 2263; x_wconf 84' lang='lat' dir='ltr'><strong>urens</strong></span> <span class='ocrx_word' id='word_1_104' title='bbox 464 2187 639 2260; x_wconf 78' lang='lat' dir='ltr'><strong>subintrat</strong></span> <span class='ocrx_word' id='word_1_105' title='bbox 664 2200 801 2280; x_wconf 87' lang='lat' dir='ltr'><strong>aestus,</strong></span> <span class='ocrx_word' id='word_1_106' title='bbox 826 2185 954 2288; x_wconf 84' lang='lat' dir='ltr'><strong>sudore</strong></span> <span class='ocrx_word' id='word_1_107' title='bbox 978 2183 1118 2286; x_wconf 84' lang='lat' dir='ltr'><strong>partiali</strong></span> <span class='ocrx_word' id='word_1_108' title='bbox 1142 2189 1238 2286; x_wconf 85' lang='lat' dir='ltr'><strong>juxta</strong></span> <span class='ocrx_word' id='word_1_109' title='bbox 1262 2182 1396 2259; x_wconf 88' lang='lat' dir='ltr'><strong>collum</strong></span> <span class='ocrx_word' id='word_1_110' title='bbox 1411 2199 1449 2257; x_wconf 86' lang='lat' dir='ltr'><strong>et</strong></span> 
     </span>
     <span class='ocr_line' id='line_1_17' title="bbox 334 2305 1450 2412; baseline -0.004 -30"><span class='ocrx_word' id='word_1_111' title='bbox 334 2323 459 2412; x_wconf 75' lang='lat' dir='ltr'><strong>pectem</strong></span> <span class='ocrx_word' id='word_1_112' title='bbox 489 2307 678 2408; x_wconf 83' lang='lat' dir='ltr'><strong>quicquam</strong></span> <span class='ocrx_word' id='word_1_113' title='bbox 704 2305 927 2402; x_wconf 73' lang='lat' dir='ltr'><strong>moderatus,</strong></span> <span class='ocrx_word' id='word_1_114' title='bbox 942 2305 1128 2407; x_wconf 84' lang='lat' dir='ltr'><strong>respin&#39;um</strong></span> <span class='ocrx_word' id='word_1_115' title='bbox 1148 2325 1289 2407; x_wconf 82' lang='lat' dir='ltr'><strong>semper</strong></span> <span class='ocrx_word' id='word_1_116' title='bbox 1304 2305 1450 2378; x_wconf 83' lang='lat' dir='ltr'><strong>anxium</strong></span> 
     </span>
     <span class='ocr_line' id='line_1_18' title="bbox 337 2417 1449 2522; baseline -0.004 -24"><span class='ocrx_word' id='word_1_117' title='bbox 337 2440 373 2499; x_wconf 89' lang='lat' dir='ltr'><strong>et</strong></span> <span class='ocrx_word' id='word_1_118' title='bbox 396 2423 639 2518; x_wconf 77' lang='lat' dir='ltr'><strong>laboriosum3</strong></span> <span class='ocrx_word' id='word_1_119' title='bbox 674 2423 776 2494; x_wconf 90' lang='lat' dir='ltr'><strong>tussis</strong></span> <span class='ocrx_word' id='word_1_120' title='bbox 811 2421 912 2494; x_wconf 81' lang='lat' dir='ltr'><strong>sicca.</strong></span> <span class='ocrx_word' id='word_1_121' title='bbox 948 2417 1054 2496; x_wconf 89' lang='lat' dir='ltr'><strong>Haud</strong></span> <span class='ocrx_word' id='word_1_122' title='bbox 1088 2421 1252 2522; x_wconf 82' lang='lat' dir='ltr'><strong>ambigua</strong></span> <span class='ocrx_word' id='word_1_123' title='bbox 1287 2422 1449 2500; x_wconf 87' lang='lat' dir='ltr'><strong>internae</strong></span> 
     </span>
     <span class='ocr_line' id='line_1_19' title="bbox 336 2524 1449 2643; baseline -0.004 -27"><span class='ocrx_word' id='word_1_124' title='bbox 336 2524 597 2643; x_wconf 88' lang='lat' dir='ltr'><strong>suppurationis</strong></span> <span class='ocrx_word' id='word_1_125' title='bbox 622 2539 728 2638; x_wconf 80' lang='lat' dir='ltr'><strong>signa</strong></span> <span class='ocrx_word' id='word_1_126' title='bbox 762 2536 899 2612; x_wconf 88' lang='lat' dir='ltr'><strong>Eadem</strong></span> <span class='ocrx_word' id='word_1_127' title='bbox 934 2539 1093 2641; x_wconf 89' lang='lat' dir='ltr'><strong>therapia</strong></span> <span class='ocrx_word' id='word_1_128' title='bbox 1126 2565 1192 2641; x_wconf 87' lang='lat' dir='ltr'><strong>per</strong></span> <span class='ocrx_word' id='word_1_129' title='bbox 1226 2555 1297 2614; x_wconf 92' lang='lat' dir='ltr'><strong>tres</strong></span> <span class='ocrx_word' id='word_1_130' title='bbox 1333 2541 1449 2614; x_wconf 89' lang='lat' dir='ltr'><strong>conti-</strong></span> 
     </span>
     <span class='ocr_line' id='line_1_20' title="bbox 337 2653 1450 2760; baseline 0.002 -30"><span class='ocrx_word' id='word_1_131' title='bbox 337 2671 468 2732; x_wconf 85' lang='lat' dir='ltr'><strong>nuatur</strong></span> <span class='ocrx_word' id='word_1_132' title='bbox 491 2655 575 2731; x_wconf 80' lang='lat' dir='ltr'><strong>dics</strong></span> <span class='ocrx_word' id='word_1_133' title='bbox 600 2657 666 2729; x_wconf 88' lang='lat' dir='ltr'><strong>Die</strong></span> <span class='ocrx_word' id='word_1_134' title='bbox 697 2681 750 2755; x_wconf 90' lang='lat'><strong>19.</strong></span> <span class='ocrx_word' id='word_1_135' title='bbox 780 2653 896 2732; x_wconf 82' lang='lat' dir='ltr'><strong>morbi</strong></span> <span class='ocrx_word' id='word_1_136' title='bbox 928 2657 1048 2755; x_wconf 87' lang='lat' dir='ltr'><strong>ingens</strong></span> <span class='ocrx_word' id='word_1_137' title='bbox 1079 2659 1179 2758; x_wconf 92' lang='lat' dir='ltr'><strong>copia</strong></span> <span class='ocrx_word' id='word_1_138' title='bbox 1208 2659 1306 2760; x_wconf 87' lang='lat' dir='ltr'><strong>puris</strong></span> <span class='ocrx_word' id='word_1_139' title='bbox 1336 2659 1450 2760; x_wconf 88' lang='lat' dir='ltr'><strong>sputis</strong></span> 
     </span>
     <span class='ocr_line' id='line_1_21' title="bbox 338 2773 1449 2854; baseline 0.003 -4"><span class='ocrx_word' id='word_1_140' title='bbox 338 2778 491 2852; x_wconf 73' lang='lat' dir='ltr'><strong>muscosis</strong></span> <span class='ocrx_word' id='word_1_141' title='bbox 528 2777 720 2850; x_wconf 76' lang='lat' dir='ltr'><strong>intermixti</strong></span> <span class='ocrx_word' id='word_1_142' title='bbox 757 2775 823 2849; x_wconf 86' lang='lat' dir='ltr'><strong>sub</strong></span> <span class='ocrx_word' id='word_1_143' title='bbox 865 2775 1023 2851; x_wconf 83' lang='lat' dir='ltr'><strong>violento</strong></span> <span class='ocrx_word' id='word_1_144' title='bbox 1060 2792 1097 2852; x_wconf 92' lang='lat' dir='ltr'><strong>et</strong></span> <span class='ocrx_word' id='word_1_145' title='bbox 1133 2773 1206 2852; x_wconf 80' lang='lat' dir='ltr'><strong>lere</strong></span> <span class='ocrx_word' id='word_1_146' title='bbox 1241 2777 1449 2854; x_wconf 84' lang='lat' dir='ltr'><strong>suffocativo</strong></span> 
     </span>
     <span class='ocr_line' id='line_1_22' title="bbox 339 2890 1450 2996; baseline 0 -28"><span class='ocrx_word' id='word_1_147' title='bbox 339 2894 444 2968; x_wconf 87' lang='lat' dir='ltr'><strong>tussis</strong></span> <span class='ocrx_word' id='word_1_148' title='bbox 468 2893 602 2996; x_wconf 88' lang='lat' dir='ltr'><strong>impetu</strong></span> <span class='ocrx_word' id='word_1_149' title='bbox 628 2917 711 2965; x_wconf 89' lang='lat' dir='ltr'><strong>cum</strong></span> <span class='ocrx_word' id='word_1_150' title='bbox 734 2890 909 2967; x_wconf 86' lang='lat' dir='ltr'><strong>levamine</strong></span> <span class='ocrx_word' id='word_1_151' title='bbox 938 2893 1121 2966; x_wconf 84' lang='lat' dir='ltr'><strong>excutitur.</strong></span> <span class='ocrx_word' id='word_1_152' title='bbox 1155 2893 1209 2966; x_wconf 89' lang='lat' dir='ltr'><strong>De</strong></span> <span class='ocrx_word' id='word_1_153' title='bbox 1243 2908 1347 2994; x_wconf 88' lang='lat' dir='ltr'><strong>rupta</strong></span> <span class='ocrx_word' id='word_1_154' title='bbox 1385 2919 1450 2968; x_wconf 90' lang='lat' dir='ltr'><strong>vo·</strong></span> 
     </span>
     <span class='ocr_line' id='line_1_23' title="bbox 338 3009 1447 3114; baseline 0 -28"><span class='ocrx_word' id='word_1_155' title='bbox 338 3013 430 3086; x_wconf 85' lang='lat' dir='ltr'><strong>mica</strong></span> <span class='ocrx_word' id='word_1_156' title='bbox 455 3010 593 3085; x_wconf 90' lang='lat' dir='ltr'><strong>nullum</strong></span> <span class='ocrx_word' id='word_1_157' title='bbox 619 3009 769 3114; x_wconf 88' lang='lat' dir='ltr'><strong>amplius</strong></span> <span class='ocrx_word' id='word_1_158' title='bbox 793 3009 951 3085; x_wconf 89' lang='lat' dir='ltr'><strong>dubium.</strong></span> <span class='ocrx_word' id='word_1_159' title='bbox 976 3012 1109 3085; x_wconf 89' lang='lat' dir='ltr'><strong>Utrum</strong></span> <span class='ocrx_word' id='word_1_160' title='bbox 1133 3012 1354 3114; x_wconf 83' lang='lat' dir='ltr'><strong>synchronus</strong></span> <span class='ocrx_word' id='word_1_161' title='bbox 1380 3013 1447 3114; x_wconf 81' lang='lat' dir='ltr'><strong>hy-</strong></span> 
     </span>
     <span class='ocr_line' id='line_1_24' title="bbox 331 3121 1448 3231; baseline 0 -27"><span class='ocrx_word' id='word_1_162' title='bbox 331 3123 531 3204; x_wconf 65' lang='lat' dir='ltr'><strong>¹&#39;drotborau</strong></span> <span class='ocrx_word' id='word_1_163' title='bbox 568 3121 674 3202; x_wconf 78' lang='lat' dir='ltr'><strong>luerit</strong></span> <span class='ocrx_word' id='word_1_164' title='bbox 707 3127 850 3202; x_wconf 85' lang='lat' dir='ltr'><strong>effectus</strong></span> <span class='ocrx_word' id='word_1_165' title='bbox 887 3128 1114 3203; x_wconf 86' lang='lat' dir='ltr'><strong>secundarius</strong></span> <span class='ocrx_word' id='word_1_166' title='bbox 1156 3130 1376 3231; x_wconf 82' lang='lat' dir='ltr'><strong>pyoeystidis</strong></span> <span class='ocrx_word' id='word_1_167' title='bbox 1409 3131 1448 3204; x_wconf 92' lang='lat' dir='ltr'><strong>in</strong></span> 
     </span>
     <span class='ocr_line' id='line_1_25' title="bbox 339 3245 1452 3350; baseline -0.001 -28"><span class='ocrx_word' id='word_1_168' title='bbox 339 3247 508 3350; x_wconf 87' lang='lat' dir='ltr'><strong>pulmone</strong></span> <span class='ocrx_word' id='word_1_169' title='bbox 532 3247 673 3322; x_wconf 87' lang='lat' dir='ltr'><strong>sinistro</strong></span> <span class='ocrx_word' id='word_1_170' title='bbox 697 3245 898 3320; x_wconf 89' lang='lat' dir='ltr'><strong>clanculum</strong></span> <span class='ocrx_word' id='word_1_171' title='bbox 924 3245 1105 3344; x_wconf 83' lang='lat' dir='ltr'><strong>evolutae,</strong></span> <span class='ocrx_word' id='word_1_172' title='bbox 1122 3247 1179 3322; x_wconf 90' lang='lat' dir='ltr'><strong>vel</strong></span> <span class='ocrx_word' id='word_1_173' title='bbox 1199 3261 1318 3320; x_wconf 86' lang='lat' dir='ltr'><strong>utnrm</strong></span> <span class='ocrx_word' id='word_1_174' title='bbox 1345 3247 1452 3321; x_wconf 90' lang='lat' dir='ltr'><strong>ambo</strong></span> 
     </span>
     <span class='ocr_line' id='line_1_26' title="bbox 341 3359 1452 3468; baseline -0.002 -29"><span class='ocrx_word' id='word_1_175' title='bbox 341 3366 529 3468; x_wconf 85' lang='lat' dir='ltr'><strong>posthuma</strong></span> <span class='ocrx_word' id='word_1_176' title='bbox 563 3365 639 3467; x_wconf 89' lang='lat' dir='ltr'><strong>pari</strong></span> <span class='ocrx_word' id='word_1_177' title='bbox 674 3381 833 3466; x_wconf 87' lang='lat' dir='ltr'><strong>tempore</strong></span> <span class='ocrx_word' id='word_1_178' title='bbox 870 3381 946 3442; x_wconf 88' lang='lat' dir='ltr'><strong>orta</strong></span> <span class='ocrx_word' id='word_1_179' title='bbox 982 3359 1139 3466; x_wconf 81' lang='lat' dir='ltr'><strong>fuerint,</strong></span> <span class='ocrx_word' id='word_1_180' title='bbox 1176 3365 1339 3441; x_wconf 86' lang='lat' dir='ltr'><strong>decidere</strong></span> <span class='ocrx_word' id='word_1_181' title='bbox 1377 3389 1452 3466; x_wconf 83' lang='lat' dir='ltr'><strong>non</strong></span> 
     </span>
     <span class='ocr_line' id='line_1_27' title="bbox 342 3481 1454 3592; baseline 0.004 -40"><span class='ocrx_word' id='word_1_182' title='bbox 342 3507 464 3555; x_wconf 72' lang='lat' dir='ltr'><strong>surmus</strong></span> <span class='ocrx_word' id='word_1_183' title='bbox 481 3483 565 3555; x_wconf 87' lang='lat' dir='ltr'><strong>ausi.</strong></span> <span class='ocrx_word' id='word_1_184' title='bbox 582 3481 654 3555; x_wconf 92' lang='lat' dir='ltr'><strong>Sub</strong></span> <span class='ocrx_word' id='word_1_185' title='bbox 672 3482 844 3559; x_wconf 90' lang='lat' dir='ltr'><strong>alternato</strong></span> <span class='ocrx_word' id='word_1_186' title='bbox 860 3511 926 3558; x_wconf 90' lang='lat' dir='ltr'><strong>usu</strong></span> <span class='ocrx_word' id='word_1_187' title='bbox 945 3483 1063 3585; x_wconf 91' lang='lat' dir='ltr'><strong>Stibii,</strong></span> <span class='ocrx_word' id='word_1_188' title='bbox 1080 3483 1252 3592; x_wconf 65' lang='lat' dir='ltr'><strong>Sepuillae,</strong></span> <span class='ocrx_word' id='word_1_189' title='bbox 1268 3483 1454 3558; x_wconf 85' lang='lat' dir='ltr'><strong>Dulcama·</strong></span> 
     </span>
     <span class='ocr_line' id='line_1_28' title="bbox 333 3597 1469 3706; baseline 0.001 -32"><span class='ocrx_word' id='word_1_190' title='bbox 333 3623 428 3696; x_wconf 81' lang='lat' dir='ltr'><strong>&#39;rae,</strong></span> <span class='ocrx_word' id='word_1_191' title='bbox 450 3597 639 3700; x_wconf 83' lang='lat' dir='ltr'><strong>Polygalae</strong></span> <span class='ocrx_word' id='word_1_192' title='bbox 665 3600 840 3700; x_wconf 82' lang='lat' dir='ltr'><strong>Sene&#39;gae,</strong></span> <span class='ocrx_word' id='word_1_193' title='bbox 863 3600 1051 3703; x_wconf 89' lang='lat' dir='ltr'><strong>pulverum</strong></span> <span class='ocrx_word' id='word_1_194' title='bbox 1076 3601 1236 3699; x_wconf 87' lang='lat' dir='ltr'><strong>Dovverl,</strong></span> <span class='ocrx_word' id='word_1_195' title='bbox 1261 3615 1367 3706; x_wconf 87' lang='lat' dir='ltr'><strong>atque</strong></span> <span class='ocrx_word' id='word_1_196' title='bbox 1392 3624 1469 3675; x_wconf 88' lang='lat' dir='ltr'><strong>ve···</strong></span> 
     </span>
     <span class='ocr_line' id='line_1_29' title="bbox 342 3715 1451 3818; baseline 0.002 -29"><span class='ocrx_word' id='word_1_197' title='bbox 342 3715 528 3789; x_wconf 90' lang='lat' dir='ltr'><strong>sicantium</strong></span> <span class='ocrx_word' id='word_1_198' title='bbox 553 3715 682 3814; x_wconf 86' lang='lat' dir='ltr'><strong>partim</strong></span> <span class='ocrx_word' id='word_1_199' title='bbox 706 3731 852 3815; x_wconf 76' lang='lat' dir='ltr'><strong>sterno,</strong></span> <span class='ocrx_word' id='word_1_200' title='bbox 880 3719 1010 3818; x_wconf 90' lang='lat' dir='ltr'><strong>partim</strong></span> <span class='ocrx_word' id='word_1_201' title='bbox 1044 3719 1131 3795; x_wconf 89' lang='lat' dir='ltr'><strong>loeis</strong></span> <span class='ocrx_word' id='word_1_202' title='bbox 1167 3717 1451 3794; x_wconf 85' lang='lat' dir='ltr'><strong>intercostalibus</strong></span> 
     </span>
     <span class='ocr_line' id='line_1_30' title="bbox 343 3829 1451 3936; baseline 0.003 -30"><span class='ocrx_word' id='word_1_203' title='bbox 343 3829 615 3934; x_wconf 89' lang='lat' dir='ltr'><strong>adplicitornm,</strong></span> <span class='ocrx_word' id='word_1_204' title='bbox 644 3857 718 3907; x_wconf 91' lang='lat' dir='ltr'><strong>non</strong></span> <span class='ocrx_word' id='word_1_205' title='bbox 742 3833 908 3936; x_wconf 81' lang='lat' dir='ltr'><strong>neglectis</strong></span> <span class='ocrx_word' id='word_1_206' title='bbox 933 3834 1183 3912; x_wconf 79' lang='lat' dir='ltr'><strong>sorbitionibus</strong></span> <span class='ocrx_word' id='word_1_207' title='bbox 1215 3835 1451 3911; x_wconf 88' lang='lat' dir='ltr'><strong>demulcenti-</strong></span> 
     </span>
    </p>
   </div>
   <div class='ocr_carea' id='block_1_2' title="bbox 342 3948 1457 4288">
    <p class='ocr_par' dir='ltr' id='par_1_2' title="bbox 342 3948 1457 4288">
     <span class='ocr_line' id='line_1_31' title="bbox 342 3948 1455 4058; baseline 0.002 -34"><span class='ocrx_word' id='word_1_208' title='bbox 342 3951 436 4044; x_wconf 85' lang='lat' dir='ltr'><strong>bus,</strong></span> <span class='ocrx_word' id='word_1_209' title='bbox 459 3948 676 4054; x_wconf 85' lang='lat' dir='ltr'><strong>pedetentim</strong></span> <span class='ocrx_word' id='word_1_210' title='bbox 701 3951 880 4027; x_wconf 87' lang='lat' dir='ltr'><strong>convaluit</strong></span> <span class='ocrx_word' id='word_1_211' title='bbox 905 3979 1007 4055; x_wconf 82' lang='lat' dir='ltr'><strong>aeger</strong></span> <span class='ocrx_word' id='word_1_212' title='bbox 1031 3955 1118 4028; x_wconf 90' lang='lat' dir='ltr'><strong>citra</strong></span> <span class='ocrx_word' id='word_1_213' title='bbox 1148 3973 1248 4058; x_wconf 87' lang='lat' dir='ltr'><strong>spem</strong></span> <span class='ocrx_word' id='word_1_214' title='bbox 1283 3971 1455 4048; x_wconf 88' lang='lat' dir='ltr'><strong>omnem,</strong></span> 
     </span>
     <span class='ocr_line' id='line_1_32' title="bbox 342 4061 1456 4173; baseline 0 -29"><span class='ocrx_word' id='word_1_215' title='bbox 342 4069 455 4172; x_wconf 85' lang='lat' dir='ltr'><strong>sputis</strong></span> <span class='ocrx_word' id='word_1_216' title='bbox 480 4067 592 4144; x_wconf 87' lang='lat' dir='ltr'><strong>indies</strong></span> <span class='ocrx_word' id='word_1_217' title='bbox 617 4069 834 4170; x_wconf 80' lang='lat' dir='ltr'><strong>parcioribus</strong></span> <span class='ocrx_word' id='word_1_218' title='bbox 869 4086 905 4146; x_wconf 89' lang='lat' dir='ltr'><strong>et</strong></span> <span class='ocrx_word' id='word_1_219' title='bbox 941 4069 1210 4148; x_wconf 88' lang='lat' dir='ltr'><strong>laudabiliorem</strong></span> <span class='ocrx_word' id='word_1_220' title='bbox 1245 4061 1456 4173; x_wconf 86' lang='lat' dir='ltr'><strong>qualitatem</strong></span> 
     </span>
     <span class='ocr_line' id='line_1_33' title="bbox 343 4184 1457 4288; baseline 0.003 -26"><span class='ocrx_word' id='word_1_221' title='bbox 343 4184 588 4280; x_wconf 82' lang='lat' dir='ltr'><strong>offerentibus,</strong></span> <span class='ocrx_word' id='word_1_222' title='bbox 605 4187 842 4288; x_wconf 86' lang='lat' dir='ltr'><strong>respirationis</strong></span> <span class='ocrx_word' id='word_1_223' title='bbox 868 4215 1014 4264; x_wconf 90' lang='lat' dir='ltr'><strong>munere</strong></span> <span class='ocrx_word' id='word_1_224' title='bbox 1031 4189 1077 4264; x_wconf 87' lang='lat' dir='ltr'><strong>ad</strong></span> <span class='ocrx_word' id='word_1_225' title='bbox 1093 4215 1255 4264; x_wconf 90' lang='lat' dir='ltr'><strong>normam</strong></span> <span class='ocrx_word' id='word_1_226' title='bbox 1273 4191 1457 4285; x_wconf 89' lang='lat' dir='ltr'><strong>restituto,</strong></span> 
     </span>
    </p>
   </div>
   <div class='ocr_carea' id='block_1_3' title="bbox 343 4305 1457 4412">
    <p class='ocr_par' dir='ltr' id='par_1_3' title="bbox 343 4305 1457 4412">
     <span class='ocr_line' id='line_1_34' title="bbox 343 4305 1457 4412; baseline 0.002 -32"><span class='ocrx_word' id='word_1_227' title='bbox 343 4323 379 4380; x_wconf 88' lang='lat' dir='ltr'><strong>ct</strong></span> <span class='ocrx_word' id='word_1_228' title='bbox 404 4305 500 4380; x_wconf 86' lang='lat' dir='ltr'><strong>sebre</strong></span> <span class='ocrx_word' id='word_1_229' title='bbox 524 4307 664 4407; x_wconf 79' lang='lat' dir='ltr'><strong>penitus</strong></span> <span class='ocrx_word' id='word_1_230' title='bbox 690 4305 865 4411; x_wconf 86' lang='lat' dir='ltr'><strong>dissipata.</strong></span> <span class='ocrx_word' id='word_1_231' title='bbox 882 4309 947 4384; x_wconf 91' lang='lat' dir='ltr'><strong>Die</strong></span> <span class='ocrx_word' id='word_1_232' title='bbox 965 4309 997 4386; x_wconf 83' lang='lat'><strong>6.</strong></span> <span class='ocrx_word' id='word_1_233' title='bbox 1015 4310 1112 4386; x_wconf 87' lang='lat' dir='ltr'><strong>Junii</strong></span> <span class='ocrx_word' id='word_1_234' title='bbox 1130 4335 1211 4386; x_wconf 88' lang='lat' dir='ltr'><strong>suos</strong></span> <span class='ocrx_word' id='word_1_235' title='bbox 1228 4309 1331 4412; x_wconf 85' lang='lat' dir='ltr'><strong>petiit</strong></span> <span class='ocrx_word' id='word_1_236' title='bbox 1346 4309 1457 4384; x_wconf 75' lang='lat' dir='ltr'><strong>Lares</strong></span> 
     </span>
    </p>
   </div>
   <div class='ocr_carea' id='block_1_4' title="bbox 344 4435 692 4524">
    <p class='ocr_par' dir='ltr' id='par_1_4' title="bbox 344 4435 692 4524">
     <span class='ocr_line' id='line_1_35' title="bbox 344 4435 692 4524; baseline 0.009 -30"><span class='ocrx_word' id='word_1_237' title='bbox 344 4435 487 4524; x_wconf 83' lang='lat' dir='ltr'><strong>vegetus</strong></span> <span class='ocrx_word' id='word_1_238' title='bbox 513 4435 548 4495; x_wconf 86' lang='lat' dir='ltr'><strong>et</strong></span> <span class='ocrx_word' id='word_1_239' title='bbox 573 4447 692 4497; x_wconf 85' lang='lat' dir='ltr'><strong>ovans.</strong></span> 
     </span>
    </p>
   </div>
   <div class='ocr_carea' id='block_1_5' title="bbox 0 0 1650 5166">
    <p class='ocr_par' dir='ltr' id='par_1_5' title="bbox 0 0 1650 5166">
     <span class='ocr_line' id='line_1_36' title="bbox 0 0 1650 5166; baseline 0 0"><span class='ocrx_word' id='word_1_240' title='bbox 0 0 1650 5166; x_wconf 95' lang='lat' dir='ltr'><strong> </strong></span> 
     </span>
    </p>
   </div>
  </div>
 </body>
</html>
