3158 6116
1275 295 1316 342 ar
1329 295 1343 346 r

238 411 360 459 meuse
386 386 503 460 Martii
529 413 594 460 suo
618 387 770 462 termino
805 391 877 488 jam
910 389 1111 488 proximum
1144 385 1350 483 ridebatur,

235 502 425 601 eprilrmiae
449 501 738 597 iryhmmotoriae
753 503 948 578 donrirrium
958 557 973 596 ,
994 529 1116 578 rutrum
1132 505 1348 593 excanduit,
1481 537 1484 544 ’

236 619 510 721 suffragantibus
527 619 777 721 proculdubio
794 624 910 697 ventis
931 620 1123 718 nimbosis,
1146 635 1182 696 et
1207 621 1349 722 frigidis.

162 809 165 814 .
280 719 482 836 ¹Phloguses
501 739 716 841 pulmonum
740 753 777 812 et
793 739 941 850 phrume
953 793 967 830 ,
984 764 1071 841 quas
1087 763 1208 812 mense
1230 737 1352 840 elapso

239 855 513 943 observabamus
538 856 701 954 crebras,
725 871 807 931 utut
831 859 948 932 nunus
974 883 1116 958 graves,
1138 855 1208 930 boc
1229 881 1350 932 meuse

211 1077 220 1086 .
239 971 479 1048 obveniebant
494 999 591 1046 rarae
608 973 772 1075 quidem,
788 973 850 1048 aed
867 975 1088 1074 granssimae
1100 987 1137 1046 et
1152 971 1350 1048 insidiosae.

289 1089 554 1188 Aegrotantium
578 1115 747 1164 numerus
771 1090 885 1164 indies
910 1091 1030 1169 crevit.
1055 1091 1152 1163 Inter
1171 1115 1231 1165 eoa
1247 1089 1351 1165 multi

241 1219 343 1278 erant
367 1207 538 1308 operarii,
569 1207 630 1308 qui
665 1206 858 1283 extruendo
883 1208 1018 1308 Euripo
1055 1207 1220 1308 navigero
1255 1219 1351 1295 extra
1460 1195 1462 1200 ¹

241 1324 339 1398 urbis
354 1327 501 1400 moenia
527 1327 675 1423 intenti,
700 1353 741 1400 ac
765 1327 907 1428 majoris
923 1327 1094 1402 mercedis
1117 1327 1262 1402 stimulo
1275 1327 1351 1432 pel·

240 1443 341 1540 lecti,
365 1444 623 1518 strenuissimos
649 1459 685 1518 et
709 1446 838 1520 visum
862 1445 972 1520 robur
994 1459 1199 1547 superantes
1214 1445 1352 1524 labores

240 1561 482 1659 sustinebant,
505 1563 605 1638 nullo
623 1565 667 1638 ad
684 1565 828 1666 injurias
853 1565 1069 1666 tempestatis
1088 1563 1354 1667 qualescunque

157 1713 163 1724 ·
241 1697 403 1784 respectu
429 1679 560 1758 habito.
586 1728 635 1740 -
660 1683 730 1759 vix
757 1709 830 1758 non
855 1683 1019 1758 omnibus
1048 1683 1181 1758 morbis
1218 1681 1350 1758 maleti-

242 1827 305 1875 cus
337 1799 446 1874 veluti
481 1801 633 1875 daemmr
667 1827 768 1875 suam
802 1802 994 1876 immiscuit
1026 1803 1228 1904 nequitiam.
1264 1803 1353 1878 Inde

241 1942 450 1994 numerosus
475 1918 649 1992 Libitinae
674 1945 800 1994 census
825 1921 863 1992 in
887 1917 1122 2016 Nouocomio3
1146 1931 1182 1992 et
1206 1921 1268 2020 qui
1295 1934 1348 1994 te-

240 2040 392 2112 nacioris
418 2039 510 2111 vitae
535 2051 655 2135 erant,
679 2039 831 2138 aegroti,
855 2036 979 2111 saltem
1005 2037 1172 2112 dintuma
1197 2052 1233 2109 et
1258 2039 1352 2112 anei-

241 2159 307 2258 piti
339 2155 514 2231 malorum
552 2169 691 2230 caterva
727 2153 987 2230 exercebantur.
1019 2155 1143 2257 Neque
1176 2154 1353 2228 mitiorem

239 2289 372 2350 sortem
398 2275 641 2376 expet-tirsum
666 2274 758 2373 aegri
782 2275 819 2346 in
845 2287 963 2348 nostra
989 2271 1112 2348 Schola
1139 2273 1351 2373 pertractati.

239 2395 338 2468 Inter
362 2392 548 2467 decernet
582 2406 718 2494 septem
753 2405 935 2492 susecptos
968 2404 1039 2464 tres
1074 2389 1262 2464 obirerunt
1285 2389 1352 2482 (in

160 2579 164 2592 .
239 2513 440 2612 necrologio
465 2513 622 2609 notati),
640 2511 788 2587 totidem
805 2508 1073 2584 dimittebantur
1090 2505 1353 2604 valetudinarii,

241 2645 279 2704 et
303 2644 455 2731 quatuor
478 2631 620 2704 nonnisi
644 2643 727 2730 pust
751 2627 870 2729 plures
898 2651 1036 2699 menses
1067 2639 1205 2698 exactos
1233 2625 1350 2726 pristi-

240 2773 323 2820 nam
349 2745 499 2820 salutem
524 2769 729 2846 recuperare
753 2755 951 2843 potuerant.

287 2861 661 2964 Penpueumoniamm
693 2859 899 2934 decurrendi
926 2863 1017 2934 mtr‘o
1053 2859 1246 2933 universim
1277 2883 1353 2934 non

238 2997 358 3057 erate
387 2979 698 3056 communioribus.
730 2982 823 3054 Ante
859 2979 977 3056 omnia
1013 2993 1119 3079 typus
1154 2976 1260 3052 febris
1290 3003 1354 3054 ees

239 3097 438 3171 comitantis
464 3095 786 3170 exacerbationibus
811 3109 848 3169 et
863 3093 1126 3170 remissionibus
1148 3091 1352 3168 lucidentis·

238 3215 335 3287 simis
359 3212 583 3314 signabatur,
608 3228 713 3313 atquo
739 3214 917 3313 vigentem
943 3217 1014 3313 jam
1040 3212 1157 3286 nisum
1182 3211 1219 3284 in
1236 3214 1350 3314 perior

238 3334 445 3430 dicitatem,
480 3333 708 3434 aequinoctiis
743 3333 912 3433 privum,
946 3343 1001 3404 sat
1038 3329 1130 3404 clare
1162 3327 1354 3432 prodebat.

238 3455 431 3528 Conamina
457 3453 597 3550 critica,
621 3453 679 3527 die
706 3480 737 3555 7.
768 3478 802 3553 9
828 3465 891 3526 aut
930 3477 983 3525 rr.
1008 3450 1173 3548 suborta,
1196 3449 1353 3552 plerum-

237 3599 306 3671 que
332 3571 561 3646 insufficentia
588 3587 688 3646 erant
709 3629 718 3670 ,
740 3585 777 3646 et
800 3571 971 3674 quidem,
996 3585 1036 3644 ut
1060 3571 1272 3668 videbatur,
1301 3573 1349 3646 ob

236 3691 382 3764 nimiam
408 3690 625 3764 reacuonum
650 3688 811 3764 vitalium
836 3689 1109 3790 oppressionem.
1143 3690 1244 3790 Quae
1270 3703 1347 3764 tau·

238 3809 320 3883 dem
346 3823 494 3882 excunte
519 3809 675 3884 secundo
700 3808 802 3911 cyclo
826 3811 1048 3911 septermario
1079 3808 1237 3884 accidere
1261 3809 1348 3886 sule·

235 3925 298 4001 bat
322 3925 498 4028 explosio,
523 3925 578 4002 vel
603 3926 767 4000 morbum
795 3926 960 4002 radicitus
985 3925 1177 4022 subvertit,
1201 3925 1256 4002 vel
1276 3939 1348 4001 tru-

236 4047 366 4120 cidarit
391 4073 532 4146 aegrum
558 4045 624 4120 sub
649 4048 726 4147 ipso
751 4071 870 4146 agone.
896 4043 1213 4147 Frequentissimus
1234 4045 1347 4120 exitus

237 4163 304 4238 luit
328 4163 384 4237 illc
410 4165 681 4267 hydrotboracis
707 4165 828 4260 acuti,
851 4191 984 4266 quem,
1020 4191 1101 4236 curn
1138 4161 1347 4266 plerumque

236 4280 423 4381 derepente
449 4297 530 4383 post
555 4283 713 4356 criticam
737 4281 915 4384 aquandum
939 4281 1239 4383 perturbationem
1265 4307 1349 4354 eon·

235 4401 373 4500 tigerit,
397 4427 462 4501 pro
487 4403 601 4505 specie
628 4405 754 4480 criscus
780 4427 945 4480 erroneae
975 4399 1172 4478 habuimus.
1200 4401 1344 4504 Sanguis
