3264 5194
311 309 380 382 126

301 427 425 528 primis
449 422 653 526 plectuntur
677 426 964 500 commorationis
988 425 1119 520 aunis,
1141 437 1248 524 atqrm
1283 423 1416 521 myria·

299 543 361 622 des
384 567 562 644 conopico
585 557 621 616 et
643 542 807 618 culc‘cwu.
832 543 989 617 Istorum
1005 539 1166 616 nonnulli
1184 539 1333 614 stridore
1350 563 1417 610 nos

277 671 278 674 ’
301 675 451 736 moerent
474 659 615 754 (Culex
638 661 801 763 pipinus,
824 659 902 734 Ital.
926 661 1127 756 Ζαηιαηι),
1144 657 1202 732 alii
1219 657 1324 731 tacite
1348 657 1417 728 cir-

302 794 481 859 cumstant
504 780 630 874 (Bibio
654 783 820 882 Papatasi
847 783 1056 878 Scoeoau),
1080 805 1121 852 ac
1146 777 1268 856 dolose
1293 773 1417 874 adgre-

302 903 450 978 diuntur
473 917 548 984 tam
572 903 716 1003 vigiles,
731 905 939 1006 vespertinis
956 903 1163 1006 praesertim
1178 901 1295 996 horis,
1309 924 1418 1000 quam

301 1021 537 1120 dormientes,
559 1018 692 1104 blanda
716 1021 957 1124 perturbando
982 1021 1095 1097 noctis
1120 1019 1280 1115 silentia3
1303 1017 1417 1090 esurie

302 1141 427 1236 erum,
461 1153 567 1240 atque
602 1139 769 1217 candelae
802 1139 883 1214 lues
918 1138 1088 1242 pellecti,
1121 1135 1227 1214 cellas
1264 1134 1419 1208 subeunt

302 1257 554 1354 donnitorias,
576 1283 728 1358 quarum
751 1257 944 1358 parietibus
977 1256 1133 1336 insident
1165 1247 1333 1329 malitiosi
1363 1251 1416 1325 illi

303 1373 529 1478 vampyruli,
552 1373 600 1448 ob
624 1375 836 1474 parvitatem
857 1359 897 1448 et
920 1374 1104 1475 hyrclinam
1127 1371 1284 1472 corporis
1305 1384 1420 1444 textu·¹

302 1519 380 1568 ram
411 1491 512 1566 facile
546 1492 859 1592 praetervidendi,
893 1491 1008 1572 donec
1038 1489 1235 1593 opitulante
1272 1486 1420 1588 caligine

304 1625 379 1688 atra
403 1609 639 1688 insatiabilem
661 1612 839 1711 sanguinis
864 1610 1012 1686 humani
1037 1610 1241 1712 cupidinem
1270 1609 1419 1708 impune

302 1727 427 1804 rabido
450 1754 571 1803 morsu
595 1728 735 1832 explere
769 1730 914 1831 possint
939 1767 991 1789 ι·-
1015 1727 1179 1802 Culicum
1207 1727 1355 1830 ,copiam
1377 1727 1416 1798 in

301 1849 390 1930 ,locis
420 1848 603 1946 humidis,
627 1863 664 1924 et
688 1874 800 1926 coeno
834 1847 1077 1951 squalentibus
1105 1847 1237 1923 mirum
1267 1847 1306 1918 in
1339 1867 1418 1918 mo

303 1966 392 2042 dum
415 1967 658 2066 invalescere,
682 1967 827 2042 Graecis
853 1973 924 2070 jam
948 1967 1102 2041 historiis
1127 1965 1317 2040 memoriae
1340 1987 1420 2064 pro-

304 2085 420 2168 ditum
444 2100 507 2158 est
531 2087 696 2186 Legimus
721 2087 818 2166 enlm
842 2083 939 2186 apud
962 2085 1167 2162 Pausaniam
1183 2083 1229 2162 in,
1237 2079 1421 2176 Achaicis,

305 2203 558 2300 Maeandrum,
574 2203 742 2278 limosum
766 2203 897 2305 alioqui
912 2201 1062 2299 flumen,
1078 2201 1251 2276 obturatis
1268 2198 1419 2274 advecto

304 2319 381 2394 luto
407 2319 586 2418 faucibus,
610 2321 739 2423 quibus
769 2323 808 2394 in
843 2347 939 2397 mare
976 2319 1253 2418 devolvebatur,
1289 2317 1419 2391 sensim

304 2442 403 2540 juxta
437 2439 623 2538 Myontem
659 2437 787 2518 urbem
820 2425 999 2528 induxisse
1035 2435 1231 2540 paludem,
1271 2461 1315 2510 ex
1349 2459 1420 2536 qna

305 2571 403 2652 tanta
429 2557 586 2636 culicum
604 2557 669 2633 'vis
704 2573 808 2632 enata
843 2557 937 2655 fuit,
973 2571 1014 2633 ut
1047 2557 1199 2660 Myontii
1232 2553 1392 2631 molestia
1410 2582 1429 2652 ,·

263 2651 266 2671 ’
305 2674 493 2776 taedioque
524 2675 653 2753 adfecti
688 2677 906 2772 Civitatem,
942 2677 1142 2778 patriasque
1178 2673 1279 2750 sedes
1313 2671 1420 2750 reliu-

305 2821 441 2897 qucre,
463 2821 505 2869 ae
531 2796 695 2870 Miletum
718 2795 936 2897 populariter
960 2781 1110 2896 migrare
1141 2797 1254 2872 coacti
1279 2794 1419 2868 fuerint.

355 2913 594 3013 singularem,
616 2939 682 2988 nec
705 2939 850 3014 prorsus
866 2914 1081 2993 immeritam
1096 2914 1272 3016 nequitiae
1289 2913 1420 2986 famam

306 3031 446 3104 aestivis
470 3017 597 3106 diebus'
618 3032 713 3106 inter
736 3057 802 3106 nos
837 3031 904 3105 sibi
930 3034 1149 3134 comparavit
1178 3057 1267 3106 amu
1292 3056 1422 3132 suspen

306 3153 407 3243 drea,
432 3154 532 3250 cujus
557 3149 702 3249 quidem
726 3150 817 3224 ratio
840 3149 880 3222 in
910 3148 1095 3225 deficiente
1134 3149 1223 3226 Solis
1260 3147 1420 3223 benefico

306 3263 468 3362 influxu,
492 3279 529 3338 et
551 3266 813 3340 iuorebescente
838 3281 962 3342 contra
985 3267 1141 3348 madoris
1166 3281 1204 3341 et
1230 3263 1420 3340 nebulosae

307 3384 463 3484 caliginis
499 3385 610 3484 gradu
649 3387 860 3491 quaerenda
897 3387 1081 3496 Quidquid
1116 3389 1213 3466 enim
1246 3413 1311 3490 per
1346 3386 1421 3462 vim

307 3501 397 3575 Solis
422 3503 633 3600 adtenuari,
656 3505 842 3606 dissipari,
875 3533 917 3580 ac
953 3509 991 3580 in
1029 3509 1227 3609 superiores
1262 3507 1418 3606 regiones

307 3618 432 3694 adtolli
456 3619 559 3717 solet,
582 3647 626 3696 eo
651 3623 838 3723 recedente
862 3652 983 3699 rursus
1008 3627 1200 3724 incumbit,
1223 3641 1261 3700 et
1283 3625 1418 3721 infima,
1475 3619 1483 3632 ’

306 3737 434 3838 quibus
450 3739 651 3818 immediata
668 3743 1002 3841 circumfundimur,
1017 3745 1285 3847 atmospbaerae
1309 3756 1421 3818 strata

307 3857 533 3941 contaminat.
558 3858 705 3936 Accedit
728 3861 894 3960 demum,
918 3864 1016 3965 quod
1039 3878 1161 3940 nostra
1191 3889 1342 3967 corpora
1365 3889 1422 3938 se·

307 3989 473 4050 irascente
498 3976 555 4051 die
580 3975 852 4080 elanguescaut,
885 3983 979 4056 inter
1007 4009 1173 4058 somnum
1206 3983 1422 4084 perniciosos

306 4096 447 4170 fomites
472 4097 627 4198 cujusvis
652 4101 788 4198 generis
813 4099 950 4174 facilius
975 4099 1176 4198 imbibant,
1199 4100 1351 4202 ideoque
1375 4097 1424 4174 ad

305 4213 404 4288 labes
428 4214 676 4315 concipiendas
700 4217 867 4318 proniora
890 4219 971 4292 sint
1007 4219 1087 4311 Qua
1117 4217 1162 4292 de
1191 4245 1230 4292 re
1266 4218 1422 4294 monitos

307 4331 460 4430 vellem,
483 4348 659 4435 quotquot
682 4335 769 4410 radas
795 4337 868 4438 agri
896 4338 1007 4411 nostri
1037 4339 1196 4438 regiones
1231 4335 1422 4433 incolunt,

308 4463 350 4526 ut
372 4449 518 4532 dicrum
542 4452 660 4556 potius
685 4451 801 4530 aestus
825 4453 1000 4555 subeam,
1024 4481 1132 4558 pam
1163 4454 1328 4532 rrecturm
1364 4454 1421 4529 fri·
