3264 5194
284 320 288 328 ⁴
330 351 401 426 106

321 467 528 546 s'ubcutanei
565 473 611 548 ad
645 473 763 550 lueern
798 475 1008 554 relationem
1042 497 1148 552 nemo
1182 473 1433 580 physiologicis

322 585 492 664 doctrinis
517 579 673 666 imbutus
698 597 844 694 ignorat.

373 705 591 806 Singularem
628 711 714 785 ‘vero
749 711 866 786 adbuc
903 713 1220 788 considerationem
1253 725 1434 785 merentur

321 825 496 924 quaedam
521 829 803 906 circumstantiae
827 817 1077 932 particulares,
1100 857 1191 932 quae
1212 813 1322 902 colim
1346 827 1435 902 nni·

322 943 481 1018 cularum
505 963 701 1024 nostratum
727 952 776 1024 ita
806 951 1017 1052 disponunt,
1041 965 1083 1026 ut
1113 951 1258 1026 caeteris
1289 947 1433 1050 paribus

321 1059 426 1161 longe
463 1063 602 1138 facilius
638 1069 862 1167 apricationis
897 1065 1043 1169 injurias
1081 1067 1314 1168 experiantur.
1337 1063 1433 1136 Dum

322 1209 437 1256 annus
469 1199 626 1260 extremo
661 1190 759 1260 senio
794 1185 974 1261 consectus
1009 1186 1161 1282 labitur,
1186 1200 1222 1260 et
1252 1209 1336 1258 arva
1365 1207 1433 1256 un-

324 1299 432 1400 dique
459 1303 563 1375 niveo
588 1307 841 1403 cooperiuntur
865 1305 1015 1400 vellere,
1040 1317 1178 1378 cessant
1206 1315 1359 1402 agrestes
1382 1299 1435 1374 la·

322 1415 448 1514 bores,
475 1445 604 1520 eosque
631 1421 731 1496 deses
758 1437 795 1496 et
821 1424 933 1496 otiosa
950 1423 1080 1522 excipit
1102 1420 1293 1523 hyematio.
1316 1421 1435 1511 Quam

322 1535 425 1636 plura
450 1539 572 1628 munia
596 1537 766 1642 hybernis
791 1539 915 1614 diebus
940 1539 1175 1641 perficienda,
1199 1563 1297 1612 more
1322 1539 1434 1612 intru-

322 1655 453 1752 ducto,
478 1659 603 1731 exteris
629 1662 900 1734 committuntur
925 1660 1101 1759 gentibus,
1118 1686 1207 1759 quae
1224 1656 1281 1732 vel
1297 1684 1317 1730 e
1333 1683 1436 1730 mon-

324 1775 418 1849 tibus
444 1777 713 1878 Ultrupadanis,
738 1780 795 1855 vel
818 1808 838 1852 e
865 1777 1015 1854 collibus
1032 1779 1210 1878 Hesperiis
1235 1777 1332 1850 lacus
1348 1777 1436 1850 Ver-

323 1893 406 1966 bani
432 1898 614 1970 turmatim
638 1891 859 1972 descendunt
883 1923 924 1970 ac
948 1924 1012 1997 per
1036 1909 1197 1970 nostrum
1214 1921 1337 1994 agrum
1362 1891 1433 1966 dis-

323 2013 507 2115 palantur,
531 2015 625 2116 ligna
650 2019 818 2114 caedunt,
843 2018 984 2092 arbores
1022 2015 1191 2112 tondent,
1232 2013 1375 2088 arbusta
1400 2027 1436 2086 et

322 2132 413 2206 sites
437 2149 587 2233 putant,
611 2133 719 2230 lauces
745 2151 851 2236 unlus
876 2134 986 2210 vitilia
1012 2133 1182 2233 colligunt
1197 2147 1233 2207 et
1258 2131 1433 2230 colligant

323 2249 503 2348 Agricolae
528 2265 700 2326 nostrates
725 2253 867 2325 interim
891 2279 1018 2354 parum
1044 2250 1197 2348 faciunt,
1219 2249 1277 2326 vel
1292 2274 1436 2350 prorsus

324 2367 502 2463 otiantur,
526 2370 704 2469 propriis,
745 2369 856 2470 iisque
897 2369 1057 2470 pessimis
1098 2368 1227 2443 reclusi
1261 2367 1439 2466 tuguriis,

325 2512 415 2586 qnae
439 2501 577 2586 praeter
602 2491 794 2562 necessaria
821 2487 1006 2564 commoda
1036 2488 1145 2589 ipsius
1173 2487 1263 2566 lueis
1290 2485 1437 2565 diurnae
1533 2511 1536 2533 ¹

324 2603 483 2678 benefico
508 2604 643 2678 influxu
669 2620 810 2703 carent,
839 2605 970 2679 etenim
1001 2605 1075 2678 ruri
1103 2604 1330 2706 paucissimas
1358 2615 1437 2678 un-

241 2801 244 2807 ,
325 2735 402 2795 turn
420 2721 588 2796 fenestras
602 2724 700 2798 vitris
718 2725 905 2796 instructas
920 2777 930 2816 ,
945 2719 1130 2822 plerasque
1152 2718 1293 2793 sordida
1316 2717 1438 2795 cham

324 2837 504 2916 obvolutas
528 2841 695 2914 invenies.
721 2838 987 2914 Increbescente
1019 2836 1136 2937 algore
1170 2837 1315 2911 tandem
1344 2861 1439 2908 cam-

323 2962 450 3061 pestris
475 2959 661 3062 popellus,
695 2959 871 3059 lignorum
913 2957 1059 3058 penuria
1097 2971 1259 3050 coactns,
1283 2953 1437 3030 interdiu

323 3078 449 3152 saltem
474 3082 590 3154 tristes
616 3079 830 3181 derelinquit
855 3075 1050 3172 aerliculas,
1075 3077 1182 3176 inque
1202 3072 1349 3148 stabulis
1374 3099 1438 3146 an-

324 3197 453 3295 gustis,
478 3196 653 3294 humidis,
678 3209 715 3268 et
739 3195 895 3270 obscuris
925 3207 1172 3288 coacervatur,
1193 3191 1353 3264 laminae
1383 3192 1439 3264 in·

323 3313 454 3386 sudant
477 3313 632 3414 prolium
658 3341 782 3410 curae,
807 3341 848 3386 ac
877 3313 969 3388 linea
1006 3313 1156 3388 stamina
1182 3311 1285 3386 tereti
1319 3308 1438 3388 devol-

323 3443 414 3501 vunt
439 3428 538 3526 sesag
562 3457 676 3504 mares
702 3431 905 3532 ganiendo,
930 3431 1047 3530 digitis
1062 3430 1248 3521 micando,
1271 3433 1437 3532 juvencas

324 3547 576 3645 custodiendo,
600 3549 755 3652 aliasque
781 3566 872 3624 artes
902 3551 1106 3625 umbratiles
1142 3551 1337 3624 exercendo
1372 3547 1438 3648 hy-

323 3662 433 3738 berna
459 3665 587 3742 fallunt
610 3669 692 3742 otia.
718 3670 755 3742 Si
779 3669 887 3742 modo
903 3669 1154 3769 perpendimus
1171 3669 1237 3742 sub
1264 3665 1438 3769 ejusmodi

328 3784 421 3856 vitae
446 3785 614 3884 regimine
643 3787 883 3886 organismum
917 3813 937 3858 a
976 3785 1065 3860 Solis
1100 3801 1136 3860 et
1171 3785 1260 3858 lucis
1295 3782 1439 3858 stimulo

306 3887 425 4002 ⁴,quasi
450 3903 654 3999 desuelieri,
678 3903 888 3978 nebularum
913 3919 1036 3979 contra
1061 3903 1192 3999 udore,
1208 3929 1249 3976 ac
1266 3900 1439 3975 boviliurn

324 4048 498 4123 vaporoso
524 4037 560 4096 et
584 4023 776 4124 mephitieo
802 4035 880 4096 aere
907 4026 996 4096 cutis
1021 4023 1242 4122 superficiem
1269 4018 1439 4120 continuo

323 4139 456 4235 foveri,
481 4139 679 4214 humectari
714 4153 750 4214 et
784 4139 951 4238 emolliri,
985 4153 1088 4221 certe
1120 4163 1194 4212 non
1229 4135 1440 4209 mirabimur

322 4254 474 4355 amplius
499 4258 537 4330 in
563 4257 690 4332 eodem
714 4271 905 4359 systemate
938 4259 1104 4357 organico
1140 4258 1315 4330 insuetam
1340 4269 1439 4328 tene-

322 4371 515 4448 ritudinem
539 4388 576 4448 et
600 4374 865 4450 sensibilitatem
890 4373 1011 4450 induci
1035 4373 1184 4470 debere,
1200 4399 1292 4476 quae
1313 4371 1439 4474 primis

321 4493 421 4567 verni
446 4493 535 4568 Solis
574 4495 862 4598 impressionibus
882 4482 1013 4570 ¹ociter
1048 4481 1289 4590 obsecundat,
1321 4518 1364 4567 ac
1394 4489 1441 4564 ad
