3252 5166
339 377 407 452 ¹9⁰

331 497 467 568 manu,
490 485 526 546 et
546 473 705 573 repetitis
730 471 865 548 vicibus
889 473 1078 568 educitur,
1103 473 1141 544 iu
1164 483 1356 572 systemate
1379 494 1445 544 va-

330 617 451 665 sorum
477 595 673 667 necessario
698 593 948 668 tumultuarius
972 593 1141 666 concitari
1165 589 1272 666 debet
1295 603 1448 684 motus,

332 723 374 782 ut
397 712 571 810 capacitas
596 711 776 786 alveorum
802 715 1010 788 imminutae
1033 711 1146 786 laticis
1179 709 1265 786 moli
1298 709 1447 782 adcom-

332 829 525 928 modetor3
555 831 807 933 qualiscunque
842 845 963 906 autem
998 829 1217 933 perturbatio
1251 827 1447 930 aequabilis

335 947 502 1021 circuitus
527 953 697 1048 majorem
720 971 842 1024 versus
868 947 946 1022 loca
970 950 1088 1022 miuus
1112 945 1308 1020 resistentia
1331 941 1449 1018 deter-

333 1067 446 1140 minat
469 1067 651 1167 impetum.
676 1065 826 1168 Insuper
849 1069 887 1141 in
916 1069 1026 1167 aegris
1061 1075 1307 1164 anesrysmate
1342 1057 1448 1135 labo-

333 1185 492 1259 rantibus
517 1183 611 1278 (nisi
637 1183 888 1266 accidentalem
912 1187 1108 1261 diathescos
1124 1179 1354 1286 phlogisticae
1367 1181 1449 1253 nni·

333 1301 477 1376 versalia
501 1299 808 1403 complicationem
831 1305 1033 1406 excipias),
1056 1329 1139 1380 vera
1163 1299 1345 1403 plethora,
1368 1299 1449 1374 sire

333 1417 559 1522 polyhaemia
585 1445 658 1494 non
683 1419 808 1517 adest3
832 1423 944 1498 immo
976 1444 1161 1524 processus
1194 1419 1448 1518 haematopo'e·

333 1539 449 1632 dous,
473 1535 624 1611 maxime
648 1538 687 1610 in
711 1537 837 1612 morbo
861 1533 1100 1640 provectiori,
1132 1537 1251 1638 potins
1274 1530 1448 1608 infractus

333 1653 488 1754 adparet
514 1653 606 1726 Hinc
630 1678 703 1755 quo
727 1653 808 1756 plus
832 1653 877 1730 de
901 1658 1069 1758 sanguine
1085 1653 1308 1750 (mullatenus
1323 1677 1447 1752 super·
1486 1672 1490 1682 ·

333 1769 431 1864 fluo)
464 1771 608 1869 educis,
643 1798 687 1850 eo
716 1776 888 1876 majorem
921 1773 1077 1877 inopiam
1114 1767 1248 1848 creabis
1277 1773 1317 1846 in
1352 1771 1448 1846 vasis

332 1891 515 1986 minimis,
540 1892 680 1992 copiam
706 1918 789 1968 vero
815 1907 851 1967 et
884 1895 1145 1994 congestionem
1178 1893 1218 1966 in
1251 1887 1447 1991 majoribus

333 2027 379 2078 ne
404 2005 516 2080 hilum
543 2009 758 2107 imminues,
781 2033 934 2112 namque
958 2014 997 2085 in
1022 2011 1197 2115 cystidem
1222 2031 1447 2110 anevrysmas

336 2125 442 2198 ticam
467 2147 607 2226 semper
641 2127 766 2201 eadem
801 2129 1004 2231 impelletur
1037 2131 1241 2232 qrranhtas,
1274 2152 1364 2229 quae
1398 2125 1448 2204 ad

334 2239 434 2314 illam
468 2241 623 2342 perfecte
657 2230 863 2344 replendam
896 2249 1095 2348 requiritur.
1132 2245 1267 2322 Notum
1301 2241 1447 2318 tandem

334 2373 389 2434 est
413 2385 455 2434 cx
480 2359 614 2434 theoria
640 2375 677 2436 et
705 2364 832 2462 praxi,
864 2365 962 2466 qnod
989 2361 1185 2466 sanguine,
1219 2385 1283 2438 ceu
1315 2361 1448 2434 incita·

334 2491 456 2554 mento
480 2477 580 2552 vitali
613 2506 772 2556 summae
809 2483 1015 2584 diguitatis,
1048 2483 1226 2559 liberalius
1259 2480 1448 2576 detracto,

333 2595 427 2672 reale
452 2595 581 2672 virium
605 2595 714 2673 robur
738 2597 966 2702 infringatur,
990 2603 1212 2705 receptivitas
1237 2611 1359 2675 contra
1384 2621 1446 2670 au-

335 2728 480 2814 geatur3
504 2712 599 2788 unde
623 2713 690 2813 fit,
714 2717 812 2818 quod
835 2717 994 2793 residuus
1019 2744 1124 2794 cruor
1152 2745 1219 2820 pro
1251 2711 1445 2818 parietibus

334 2857 526 2928 vasorum,
549 2837 719 2935 majorem
749 2834 985 2912 sensibilitatis
1010 2837 1157 2938 gradum
1182 2833 1345 2936 adeptis,
1372 2835 1446 2932 jam

333 2951 444 3051 magis
482 2947 644 3025 differens
685 2951 803 3030 evadit
838 2953 1034 3051 stimulus,
1069 2954 1220 3054 ideoque
1256 2946 1445 3025 viridiores

334 3070 490 3142 concitat
514 3069 717 3143 mactiones.
743 3069 825 3145 Non
850 3070 1079 3146 abhorremus
1104 3069 1268 3172 equidem
1285 3087 1447 3142 avenae·

334 3183 578 3282 sectionibus,
603 3183 665 3259 ubi
690 3213 868 3287 orgasmns
898 3190 1075 3290 sanguinis
1109 3185 1360 3289 impetuosius,
1387 3179 1447 3255 vel

334 3303 519 3376 manifesta
544 3327 648 3378 verae
671 3304 854 3405 plethurae
878 3307 1007 3384 indicia
1034 3305 1270 3409 depletionem
1285 3297 1446 3376 absolute

336 3419 562 3536 deposcunt,
590 3447 649 3495 eas
687 3437 806 3498 tamen
844 3451 983 3527 semper
1018 3439 1060 3500 ut
1092 3449 1189 3499 mere
1225 3419 1446 3524 palliativum

333 3537 530 3612 remedium
554 3539 843 3639 consideramus,
868 3569 909 3617 ac
934 3569 1072 3617 summa
1098 3569 1180 3616 cum
1196 3536 1445 3642 praecautione

334 3655 470 3728 institui
495 3681 685 3753 curamus,
709 3684 755 3732 ne
783 3658 850 3733 soh
884 3661 959 3760 ipsa
994 3662 1179 3736 emissione
1213 3657 1323 3732 animi
1357 3653 1446 3728 deli-

334 3771 458 3872 quium
482 3771 628 3848 accidat
652 3775 754 3849 Hanc
784 3775 831 3850 ob
866 3779 1039 3852 rationem
1073 3777 1179 3880 plus,
1215 3799 1324 3877 mam
1357 3795 1446 3867 sex,

334 3905 460 3966 octove
485 3893 605 3966 uncias
629 3896 762 3968 cruoris
787 3921 860 3970 non
885 3897 1119 3994 extrahimus,
1140 3921 1284 3970 cursum
1308 3893 1446 3990 sangnis

334 4009 389 4082 nis
413 4007 596 4110 aliquoties
621 4011 891 4114 intercipimus,
915 4039 981 4088 nec
1006 4011 1285 4116 phlebotomiam
1318 4006 1447 4108 repeti-

333 4155 440 4226 mus,
464 4129 532 4204 uisi
557 4127 691 4232 aliquot
714 4130 839 4206 diebus
864 4131 1018 4234 elapsis,
1041 4134 1116 4208 sive
1146 4131 1292 4206 demum
1323 4124 1445 4227 angio·

335 4247 472 4321 athenia
508 4247 683 4349 simplex,
717 4249 792 4324 sive
826 4275 1037 4354 anevrysma
1071 4250 1186 4326 suerit
1222 4247 1446 4324 Inconcussis

334 4367 555 4468 experientiis
580 4381 802 4469 compertum
826 4369 1036 4469 habuimus,
1060 4369 1285 4474 rapiditatem
1302 4364 1447 4462 circuli,

335 4495 371 4558 et
395 4483 609 4562 celeritatem
633 4499 751 4564 motus
776 4489 950 4590 organici,
964 4515 1072 4592 quam
1088 4485 1320 4593 prohdolor!
1341 4483 1445 4560 multi
