3228 5166
1278 367 1325 440 23

196 481 394 558 doctrinae
420 483 540 558 lorum
564 507 789 560 communem
814 483 1074 562 institutionum
1091 482 1327 560 humanarum

199 601 343 682 subirit
367 615 512 676 sortem.
538 599 635 676 erril
661 617 737 699 est,
767 601 865 704 quod
895 603 993 677 senio
1024 629 1097 678 non
1127 615 1328 702 exarescat,

201 735 244 794 et
269 725 322 796 ita
346 749 490 824 quoque
515 721 641 798 Schola
668 721 886 798 Salernitana
912 721 957 796 ab
973 722 1035 797 illo
1051 722 1135 796 inde
1151 737 1328 825 tempore,

206 868 290 942 quo
314 845 352 914 irr
376 844 498 920 moure
522 841 736 942 Pessularro,
770 843 918 916 Lutetiis
954 842 1187 937 Parisiorum,
1221 857 1327 942 atque

209 961 398 1036 bononiae
420 961 555 1038 medica
581 961 735 1064 Collegia
760 977 876 1038 erecta
903 963 1001 1036 suere
1015 1019 1024 1060 ,
1040 959 1085 1038 dc
1101 963 1247 1065 pristina
1263 989 1327 1037 sua

218 1079 419 1154 celebritate
441 1079 636 1184 plurimum
659 1084 799 1181 amisit,
824 1083 938 1159 donec
963 1081 1108 1160 tandem
1140 1081 1326 1160 oblivionis

219 1195 288 1270 situ
312 1196 462 1273 obducta
487 1199 633 1273 aemulis
658 1199 778 1276 locum
804 1203 908 1275 cessit
932 1199 1121 1276 sororibus.

270 1315 490 1400 Testimoniis
514 1319 683 1394 domums
721 1321 938 1419 Sanssruur,
961 1333 999 1394 et
1022 1321 1163 1396 Arcmrr
1188 1319 1326 1396 Conso

215 1455 340 1508 nrsnsrs
366 1434 579 1533 edocemur,
609 1435 752 1510 saeculo
778 1437 861 1512 ΧΠ
892 1439 931 1512 in
962 1437 1094 1514 Merra
1124 1439 1326 1521 Prrssmsno

212 1564 250 1623 et
273 1552 427 1626 Paursrrs
459 1551 613 1627 naedrcas
648 1552 807 1628 floruisse
841 1551 1004 1653 schoht,
1037 1581 1125 1657 quas
1148 1557 1327 1630 nummosi

210 1667 402 1744 adiverunt
425 1667 610 1771 discipuli,
634 1683 676 1745 ut
698 1669 915 1746 salutiferam
930 1671 980 1745 ibi
1006 1671 1250 1748 condiscerent
1274 1699 1327 1750 ar-

212 1801 298 1860 tem.
324 1789 447 1884 Prior,
483 1801 526 1862 ut
563 1788 726 1887 videtur,
760 1813 854 1866 anno
895 1788 987 1864 1150
1019 1805 1157 1888 erecta,
1190 1806 1327 1890 certum

214 1907 447 2005 Rrruruurun,
469 1947 521 1966 -
545 1907 654 1984 altera
679 1931 775 1983 anno
806 1905 896 1982 1215
923 1907 970 1982 ad
990 1907 1191 2010 exemplum
1216 1909 1326 1984 Saler-

214 2025 357 2096 nitense
380 2025 559 2122 instituta,
584 2027 767 2126 Huoonsn
791 2026 971 2102 Persicon
988 2041 1025 2101 et
1045 2027 1244 2126 Oenonen,
1260 2053 1325 2102 ceu

213 2141 348 2242 primos
373 2141 568 2216 medicinae
591 2141 806 2245 professores
830 2155 1003 2218 numerat

213 2307 217 2314 ·
262 2257 454 2334 Academia
478 2259 689 2336 Punsr'errsis
713 2265 784 2364 jam
809 2260 950 2335 saeculo
975 2261 1077 2336 xm
1100 2259 1323 2363 amplissimis

211 2379 323 2478 potita
359 2394 414 2454 cst
449 2379 663 2482 privilegiis,
701 2393 906 2481 tantamque
948 2377 1079 2454 adlexit
1120 2378 1325 2474 auditorum

210 2499 370 2598 copiam,
404 2511 446 2573 ut
483 2499 697 2600 quandoque
732 2496 970 2574 habitantium
1003 2514 1226 2602 superassent
1253 2525 1323 2574 rru-

208 2639 358 2690 merum
384 2617 531 2690 Cunctis
555 2613 801 2717 philosophiae
823 2629 862 2691 et
885 2616 1080 2692 medicinae
1114 2631 1323 2720 praecepto-

208 2732 329 2830 ribus,
361 2759 450 2840 quos
487 2733 642 2808 Clericus
675 2735 807 2835 passim
841 2734 1095 2830 nominabant,
1129 2735 1176 2809 ad
1199 2761 1321 2807 saecu·

208 2849 285 2926 lum
310 2851 411 2924 xlv.
436 2876 549 2954 usque
573 2853 718 2953 nuptiae
745 2854 876 2926 vetitae
899 2867 1007 2927 erant
1047 2851 1176 2926 Medici
1201 2865 1321 2924 autem

208 2967 255 3040 ab
280 2993 374 3042 anno
405 2968 493 3042 1231
523 2993 590 3070 pro
614 2970 750 3042 ratione
776 2966 982 3042 Studiorum
1018 2969 1057 3040 in
1088 2965 1328 3066 Bacalaureos

209 3101 249 3160 et
272 3087 476 3185 Magistros,
499 3089 537 3160 in
561 3087 755 3190 Physicos,
781 3085 975 3160 Theoricos
1000 3099 1036 3159 et
1065 3085 1244 3160 Pmcticos
1269 3085 1321 3161 di-

209 3205 340 3304 stingui
355 3205 522 3282 solebant
540 3209 702 3309 Chirurgi
719 3233 814 3283 anno
830 3231 917 3310 ¹²7¹
935 3208 1118 3309 proprium
1132 3205 1320 3309 collegium

210 3321 362 3430 formare
387 3339 587 3425 coeperunt
612 3326 753 3428 Opera,
777 3325 857 3400 usui
881 3324 1073 3400 lectionum
1098 3325 1322 3428 publicarum

208 3441 338 3539 dicata,
351 3441 464 3518 lucrer
477 3443 680 3546 Aphorismi
698 3445 948 3542 Hrrrocrmrrs,
958 3449 1033 3548 ejus
1049 3444 1322 3544 Progrrosticon,

207 3571 244 3632 et
266 3559 355 3634 liber
379 3561 424 3634 de
448 3562 572 3635 Diaeta
596 3561 634 3635 in
657 3561 790 3636 morbis
807 3564 940 3660 acutis,
964 3563 1094 3662 scripta
1118 3563 1316 3637 Tmrornrur

208 3678 454 3754 destructura
481 3683 638 3783 corporis
672 3682 843 3781 humani;
871 3683 1076 3757 lorramurrr
1101 3680 1321 3780 (Huonnrn,

205 3797 429 3894 Nestoriani,
454 3797 595 3872 scholae
619 3799 857 3900 Bagdaderrsis
883 3798 1074 3900 discipuli)
1108 3801 1250 3900 Isagoge
1280 3801 1320 3872 in

205 3931 318 3990 artem
341 3941 488 4017 parvam
506 3915 656 4013 Galerri,
680 3931 717 3990 et
741 3943 847 4019 opera
871 3917 1033 4014 Andron,
1058 3941 1079 3989 e
1104 3916 1232 4016 quibus
1255 3915 1322 3989 sal-

204 4045 280 4108 tem
303 4035 478 4136 conjicere
503 4033 607 4132 licet,
641 4035 856 4110 medicinam
885 4035 1173 4138 Hippocraticam
1208 4033 1321 4137 pluri·

204 4173 307 4224 mum
333 4151 555 4226 aestimatam
585 4151 701 4227 lirissc.

251 4267 383 4344 Schola
410 4269 711 4374 Morupessulana
722 4327 736 4362 ,
761 4315 812 4330 -
837 4269 980 4370 haeres,
1005 4285 1046 4345 ut
1070 4275 1192 4375 ajunt,
1224 4267 1320 4346 illius

201 4389 424 4486 medicinae,
458 4415 566 4490 quarn
601 4391 640 4464 in
671 4390 801 4465 celebri
839 4389 1060 4466 Cordubensi
1092 4391 1319 4466 universitate

201 4505 307 4611 longa
331 4517 506 4582 annorum
530 4509 619 4584 serie
643 4521 679 4584 et
704 4509 910 4586 Maurorum
935 4507 1117 4609 diligentia
1142 4507 1324 4623 flumine,
1428 4575 1435 4586 .
