3228 5166
221 443 507 524 medicatricibur
522 459 672 522 murrae
685 439 818 522 viribus
834 445 971 541 deberi,
985 463 1090 552 etque
1107 465 1221 542 artem
1231 475 1328 530 ucu-

218 566 288 644 nisi
312 593 408 642 arma
435 565 676 700 suppeditasse
700 591 765 666 pro
803 567 1006 642 amovendis
1035 568 1245 668 obstaculis,
1268 570 1328 646 vel

218 685 350 760 virium
373 684 513 782 energia
538 681 704 756 acuenda.
729 681 1040 774 Quemadmodum
1064 690 1327 762 venerationem

219 803 401 878 concitant
435 799 695 878 observationes
723 814 762 875 et
796 815 982 902 praecepta
1007 801 1256 903 Hippocratica
1280 805 1326 881 de

217 918 443 996 medicatrice
467 917 597 994 virium
621 919 866 1017 organicamm
889 919 927 992 in
951 917 1168 994 debellandis
1194 921 1328 998 morbis
1378 1007 1381 1014 ¹

217 1037 401 1114 subtilibus
413 1035 889 1138 potestate,dequecrisium
901 1037 1123 1112 docuinaeis
1135 1040 1327 1132 intusa,—

218 1155 268 1231 ita
297 1157 637 1244 commiserationem
660 1159 754 1232 cient
778 1157 830 1230 illi
853 1159 1003 1256 medici,
1027 1159 1089 1258 qui
1113 1160 1159 1236 ad
1183 1159 1325 1252 hodierq

214 1294 302 1344 ‘nam
336 1299 447 1373 usque
482 1272 596 1368 diem,
624 1275 743 1348 nescio
772 1301 819 1350 an
852 1275 1008 1370 fraudis,
1038 1302 1084 1352 an
1106 1277 1325 1374 ignorantiae

217 1412 343 1484 causa,
366 1387 659 1491 qualemcumque
683 1417 889 1492 prosperam
914 1391 1029 1466 morbi
1058 1395 1325 1472 conversionem

215 1507 316 1586 elutis
340 1507 534 1610 superciliis
559 1509 721 1612 propriae
746 1511 850 1584 utricc
875 1510 1071 1596 adscribere
1087 1512 1233 1612 peritiae
1251 1537 1323 1586 non

215 1629 438 1707 erubescunt
463 1629 534 1704 Sed
557 1655 638 1704 raro
662 1631 805 1730 sapiunt
828 1629 1015 1730 Phryges!

265 1748 450 1849 Quidquid
473 1747 519 1830 ad
542 1747 676 1822 lectum
699 1750 801 1847 aegri.
816 1749 974 1848 diligenti
999 1775 1081 1825 cura
1099 1747 1330 1850 explanatum.
1383 1833 1386 1840 ,

215 1867 304 1962 ιἰιιι,
328 1866 455 1941 eodem
479 1865 602 1941 ordine
627 1850 647 1940 a
672 1864 860 1940 csrrdidato
884 1865 1067 1950 adsistenti
1090 1866 1128 1938 in
1144 1863 1325 1954 lustcriam

215 1983 406 2084 redigitur,
430 2007 520 2084 quae
543 1982 713 2086 postridie
738 2009 859 2060 coram
883 1977 1102 2058 adstantibus
1130 1981 1221 2056 lecta
1249 2010 1323 2076 nou

214 2100 330 2178 solum
346 2099 566 2179 utilissimam
582 2100 729 2201 praebet
744 2101 989 2202 repetitionem
1002 2155 1012 2194 ,
1027 2099 1091 2182 sed
1106 2100 1213 2174 ctiam
1230 2103 1323 2176 circa
1392 2093 1393 2096 ¹

213 2235 350 2294 sccutm
379 2221 472 2294 intra
504 2219 776 2321 nycthemerum
812 2219 1021 2293 variationes
1058 2217 1206 2314 edocet,
1239 2243 1324 2296 cum

211 2333 358 2412 solerter
390 2338 509 2424 nouri
540 2335 693 2420 debeant
729 2361 888 2437 utraeque
917 2336 1110 2412 acciderint
1143 2362 1246 2416 nova.
1270 2371 1324 2392 ··

211 2439 423 2532 successivis
447 2454 571 2532 dicbus
597 2459 669 2556 jam
691 2453 870 2528 breviores
882 2453 1044 2532 ¹evadunt
1059 2453 1320 2528 dissertationes

211 2573 259 2648 sd
280 2571 446 2669 tectum,
479 2574 548 2646 nisi
582 2569 733 2672 djgrstas
769 2597 870 2646 casus
906 2572 1122 2667 ulterimem.
1150 2573 1317 2648 admittat

210 2689 502 2794 explicationem,
525 2688 585 2770 vel
607 2703 720 2764 status
744 2715 863 2764 rerum
880 2692 1033 2766 variatus
1051 2689 1233 2791 diagnosin
1249 2691 1321 2790 pri·-

207 2834 306 2887 mam
329 2808 553 2905 modificare,
577 2807 743 2882 medendi
767 2811 940 2882 rationem
964 2821 1189 2907 permutare,
1213 2819 1319 2906 atquc

208 2929 405 3028 prognosin
424 2939 549 3021 aucto,
573 2923 631 2997 vel
654 2923 843 2998 imminuto
877 2923 1039 3024 periculo,
1070 2921 1237 3022 adaptare
1263 2925 1319 3020 ju·
1393 3007 1394 3012 ,
1502 2925 1504 2931 ’

208 3042 301 3117 beat
336 3041 530 3141 Nunquam
557 3065 643 3116 vcro
671 3040 1010 3174 metamorphosium
1039 3039 1318 3138 contingentium

207 3162 379 3233 rationem
402 3158 531 3234 addere
565 3158 789 3255 omittimus,
822 3158 896 3236 sive
934 3157 1008 3241 sola
1036 3156 1153 3246 morbi
1177 3157 1319 3256 forma,

207 3279 282 3352 sive
307 3278 414 3356 ctiam
437 3289 563 3356 natura
588 3289 625 3350 ct
648 3275 830 3358 character
857 3278 1094 3358 mutationem
1120 3275 1318 3374 subiverit,

206 3395 369 3498 quibus'
360 3423 398 3470 ιιι
423 3365 560 3471 casibus
585 3395 724 3497 amplus
748 3409 847 3497 patet
872 3420 1017 3496 campus
1042 3393 1243 3468 desemine
1260 3419 1316 3467 es-

204 3514 399 3590 sentialia
388 3529 481 3590 mter
504 3529 738 3616 metaptoses,
771 3529 998 3613 metastases,
1031 3513 1317 3616 metacboreses,

199 3632 394 3709 diadochos
423 3647 460 3708 ct
492 3633 731 3735 palindromes
760 3635 981 3738 explicandi,
1016 3662 1058 3710 ac
1091 3637 1187 3712 uam
1221 3635 1314 3732 indi·

203 3751 329 3852 endi,
352 3777 423 3854 qua
447 3751 494 3826 ad
517 3752 650 3860 lectum
674 3778 859 3853 aemorum
882 3753 1040 3854 dignosci
1063 3767 1222 3855 pessusrt

253 3871 575 3978 consauradum
591 3871 784 3946 dimissioni
802 3897 958 3974 eousque
975 3870 1171 3969 obstamus,
1183 3871 1315 3968 donec,

201 3991 335 4069 viribus
359 3990 476 4066 debite
499 3991 723 4088 refocillatis,
746 3991 941 4090 recidivae,
965 3990 1022 4068 vel
1038 3991 1220 4092 posthumi
1245 4017 1313 4068 uu·

199 4107 339 4208 jusdam
363 4121 549 4188 evanescat
573 4122 697 4182 metus.
723 4105 803 4180 Tali
826 4122 932 4208 pacto
956 4108 1086 4190 certior
1104 4132 1179 4192 non
1195 4105 1312 4180 solum

162 4223 165 4230 ’
198 4225 358 4301 redditur
382 4251 566 4326 aegrorum
589 4227 754 4324 emutio,
790 4251 915 4306 verum
946 4239 983 4300 et
1012 4228 1097 4327 ipsis
1129 4223 1309 4326 discipulis

196 4345 347 4446 propitia
373 4342 579 4420 conceditur
603 4344 764 4440 occasio,
797 4343 913 4418 morbi
944 4343 1133 4418 decursum
1166 4340 1211 4415 ab
1236 4367 1306 4416 ovo

195 4463 242 4540 ad
257 4461 351 4538 mals
367 4461 597 4557 observandi,
622 4475 659 4537 et
675 4474 819 4540 cunctas
835 4461 911 4540 illas
929 4459 1132 4538 addiscendi
1139 4437 1285 4562 regulas
1301 4511 1313 4558 ,

246 4581 434 4661 Ηιιιιιιιιιι.
459 4581 557 4662 Anu.
583 4583 732 4658 cael.
1079 4581 1102 4658 5
