3148 5170
1207 345 1282 445 259
1306 341 1325 353 ”
1425 398 1428 406 ·

169 495 340 567 garrorum
375 470 645 544 secretoriorum
687 492 826 540 summe
860 463 1037 541 beneficas
1072 489 1147 540 esse
1177 465 1280 538 novi·

168 613 268 680 urus,
291 611 441 687 quarum
466 585 682 686 pmductum
711 609 795 664 cum
823 582 928 662 latice
962 597 1131 684 peccante
1165 579 1284 682 quoad

168 705 375 806 qualitatem
408 705 561 779 maxime
605 705 776 804 congruit
819 703 874 777 Ita
909 703 946 776 in
988 701 1121 776 morbis
1156 728 1284 776 renum

170 825 312 918 urinae,
335 823 374 896 in
398 821 600 900 cholosibus
626 821 741 896 fluxus
766 821 936 916 biliosus,
951 819 1097 900 sudores
1118 821 1157 893 in
1177 845 1284 894 exan-

168 939 405 1038 thematibus,
429 953 467 1014 et
491 966 518 1014 s.
553 967 610 1041 p.,
634 938 966 1024 desideratissimam
992 963 1132 1040 semper
1157 937 1286 1010 constit

170 1071 276 1131 tuunt
299 1057 545 1134 excretionem.
570 1056 643 1131 Ubi
670 1082 754 1133 vero
779 1055 969 1152 albumen,
991 1053 1049 1130 vel
1070 1055 1286 1163 principium

168 1179 339 1253 fibrosum
363 1176 675 1280 praedominatur,
709 1175 936 1250 membranae
961 1200 1126 1250 mucosae
1153 1199 1284 1280 oppora

169 1297 395 1372 tunissimum
420 1296 538 1372 colum
563 1295 811 1400 suppeditant,
835 1295 1002 1374 videntur
1017 1295 1114 1370 enim
1130 1297 1167 1366 in
1190 1307 1284 1367 statu

169 1442 277 1513 sano,
299 1431 439 1517 praeter
454 1415 665 1493 multilbrios
682 1415 769 1491 alios
794 1417 902 1513 lines,
926 1413 1082 1490 stillum
1099 1413 1166 1488 sibi
1188 1440 1287 1516 pram

170 1537 279 1609 lixum
306 1535 456 1635 babere,
490 1551 532 1612 ut
568 1537 806 1624 redundantes
844 1536 985 1612 lomites
1018 1535 1184 1638 plasticos
1219 1533 1287 1608 sub

170 1652 283 1729 forma
308 1655 403 1728 muci
429 1681 450 1729 e
475 1681 623 1758 corpore
657 1655 821 1733 educant
856 1655 892 1728 si
927 1655 1036 1732 modo
1065 1657 1104 1730 in
1140 1656 1288 1755 gratiam

170 1771 316 1847 obortae
340 1770 552 1873 plrlogoseos
576 1773 614 1846 in
639 1771 868 1875 pulmonibus
896 1777 998 1875 'justo
1032 1777 1146 1874 major
1169 1771 1282 1849 laticis

170 1888 382 1964 albuminosi
408 1905 444 1964 ct
468 1889 588 1966 librosi
614 1891 715 1993 eopia
741 1904 929 1994 generatur
963 1905 1000 1966 et
1036 1904 1289 1989 coacervatur,

171 2008 230 2084 vel
254 2035 418 2111 praesens
443 2015 614 2113 majorem
640 2007 958 2111 coagulabilitatem
993 2009 1168 2112 adquirit,
1197 2023 1234 2083 et
1257 2010 1288 2082 si

171 2153 214 2200 ex
238 2125 348 2200 altera
372 2141 472 2228 parte
498 2127 658 2230 ejusdem
692 2126 901 2230 phlogoseos
937 2129 1182 2227 gramssimum
1207 2153 1286 2228 gra·

170 2245 257 2320 dum
282 2246 493 2346 adtingeutis
519 2272 623 2320 causa
649 2247 799 2320 secretio
831 2245 928 2323 muci
963 2243 1169 2341 cohibetur,
1200 2257 1287 2318 tunc

170 2363 367 2438 necessario
409 2361 612 2441 redundans
654 2363 693 2435 in
738 2386 871 2463 organo
913 2359 1007 2442 latex
1047 2359 1289 2473 lymphaticus

170 2482 386 2584 pemiciosos
410 2481 505 2555 intus
531 2479 715 2565 cuniculos
739 2505 841 2587 agere
865 2478 1029 2578 debebit,
1049 2482 1141 2554 vires
1165 2494 1288 2582 utpote

170 2601 411 2703 supprimere,
435 2625 477 2674 ac
501 2601 613 2673 scrius
638 2597 844 2696 exhaurire,
868 2599 1053 2699 variasque
1077 2611 1236 2672 texturae
1252 2609 1289 2670 et

170 2715 362 2816 integritati
387 2716 571 2816 organicae
595 2715 740 2798 insidias
765 2741 899 2817 parare.
925 2715 1022 2788 Haec
1039 2716 1157 2789 omnia
1175 2715 1287 2796 tutius

171 2834 346 2934 praeverti
372 2847 574 2934 nequeunt,
599 2859 708 2934 quam
732 2859 797 2935 per
812 2833 1012 2908 restitutam
1028 2829 1286 2933 blennopotsin

171 2963 209 3025 et
231 2949 486 3025 anacatlrarsin.
511 2952 648 3026 Verum
674 2949 819 3054 quidem
856 2963 932 3047 est,
965 2949 1182 3024 membranis
1207 2975 1287 3022 mu-¹

172 3071 263 3146 cosis
287 3071 365 3164 (uti
390 3072 529 3144 cunctis
554 3072 694 3172 organis
719 3071 916 3145 secretoriis
934 3076 965 3168 ),
982 3093 1061 3144 eam
1086 3061 1289 3171 competere

171 3191 363 3287 virtutem,
387 3189 486 3292 quod
511 3191 650 3265 fomites
668 3191 866 3292 primitivos
883 3189 1062 3290 sanguinis
1085 3185 1290 3262 circulantis

171 3309 211 3382 in
239 3309 424 3409 proprium
463 3323 674 3383 convertant
707 3307 854 3410 liquoris
889 3333 1021 3408 genus,
1051 3303 1218 3382 videlicet
1251 3307 1289 3379 in

171 3449 341 3520 mucum,
364 3423 427 3526 qui
451 3423 570 3499 denuo
596 3451 639 3500 co
663 3427 774 3526 magis
800 3425 967 3527 plastices
985 3437 1022 3498 et
1046 3421 1290 3500 albuminosus

171 3568 247 3618 esse
272 3542 385 3641 solet,
409 3571 482 3646 quo
508 3547 638 3648 magis,
663 3545 791 3622 morbo
815 3559 1098 3645 maturescente,
1122 3549 1286 3622 materies

171 3661 312 3738 mobilis
329 3663 504 3761 redditur,
520 3665 615 3738 unde
632 3677 733 3766 sputa
753 3689 885 3762 crassa,
902 3665 1066 3764 figurata,
1081 3663 1289 3765 purilormia
1392 3723 1396 3737 .

170 3784 209 3858 in
232 3784 556 3887 peripneumoniis,
580 3799 769 3887 postquam
794 3784 952 3858 benefica
977 3784 1112 3860 virium
1127 3809 1291 3886 copprea«.

170 3929 290 3978 sarum
315 3903 549 4004 emancipatio
574 3903 692 3978 locum
718 3903 853 3978 habuit.
878 3902 999 3978 Nihilo
1026 3915 1147 3980 tamen
1172 3905 1290 3978 nrinus

171 4019 300 4094 accidit
324 4018 525 4116 interdum,
550 4019 647 4121 quod
672 4019 901 4094 membranae
926 4021 1091 4094 mucosac
1126 4045 1292 4118 omnem,
1423 4097 1426 4104 ,

171 4163 260 4238 quac
286 4163 328 4212 eo
354 4137 629 4236 determinatur,
654 4137 823 4241 lymphae
848 4137 1016 4242 plasticae
1033 4137 1173 4240 copiam
1198 4141 1288 4213 reci-

170 4280 254 4354 pere
280 4269 316 4328 ct
340 4254 521 4329 eliminare
546 4283 619 4330 non
644 4272 832 4356 recusent,
857 4252 1055 4332 excessisse
1080 4271 1199 4332 autem
1228 4283 1289 4332 cc·

172 4373 249 4471 piac
274 4371 485 4472 digerendae
511 4387 547 4448 et
581 4375 620 4446 in
658 4401 804 4449 mecum
839 4373 1099 4450 convertendae
1137 4373 1290 4476 impares

172 4487 345 4588 evadent,
369 4491 519 4596 ideoque
545 4491 685 4570 laticem
712 4493 863 4572 crudum
890 4494 1151 4591 transmittunt,
1182 4493 1243 4598 qui
1269 4519 1289 4566 e
