3158 6116
1003 280 1023 368 .·
1315 275 1392 362 eir

251 395 428 474 incitata
454 395 636 473 efficientia
662 397 867 498 expansira,
891 393 1110 496 aupabilem
1136 395 1394 468 emanationem

256 539 348 614 per
374 541 497 590 omnes
522 516 727 618 superficies,
748 513 968 608 exhalantes,
985 540 1026 586 ac
1043 512 1188 612 proinde
1210 513 1314 594 etiarn
1332 535 1397 610 per

255 633 509 706 membranas
533 659 674 708 serosas·
692 633 950 724 determinent,
975 631 1105 730 taliqne
1137 643 1240 728 paeto
1271 627 1317 701 ad
1342 653 1401 700 ae-

260 745 467 850 quabilem
507 750 789 827 distributionem
831 747 1161 852 imponderabilium
1203 744 1397 846 plurimum

264 868 523 942 corrtribuant
821 952 823 956 ¹
1392 943 1395 950 .

333 987 443 1059 Hisce
469 992 541 1087 jam
564 987 673 1060 innixi
691 989 870 1088 principiis
887 987 1122 1061 communiter
1138 984 1397 1058 rheumatismis

267 1105 400 1176 acutis
431 1117 467 1178 et
501 1097 655 1179 febribus
693 1105 916 1183 rlrcumaticis
949 1103 1082 1182 mederi
1118 1103 1298 1200 solemus,
1331 1127 1400 1176 neo

267 1247 449 1322 utinquam
474 1248 538 1296 nos
562 1225 737 1325 poenituit
767 1224 858 1298 hano
897 1222 1058 1298 medendi
1095 1222 1267 1298 rationem
1296 1246 1398 1296 usur·

270 1365 418 1441 passe,
442 1355 547 1441 atque
582 1341 760 1443 discipulis
794 1335 917 1418 sedulo
952 1337 1225 1416 commendasse.
1263 1339 1398 1433 Quodsi

272 1459 435 1532 morbus
461 1459 656 1532 obstinatus
680 1461 752 1554 sit,
777 1459 964 1540 vesicantia
990 1459 1167 1560 suppetias
1199 1457 1317 1534 ferunt
1341 1457 1400 1531 da-

274 1578 485 1673 sideratas,
508 1577 646 1652 dolores
677 1577 874 1678 dissipant,
904 1591 952 1666 et,
976 1591 1110 1649 metum
1146 1573 1400 1680 hypoolepseos

277 1719 450 1791 serosae,
475 1696 512 1768 in
537 1719 645 1796 quarn
670 1695 852 1768 rheumata
878 1694 1068 1795 pertinacia
1086 1691 1210 1767 erebro
1227 1693 1397 1782 nituntur.

277 1811 385 1902 Loca
413 1811 646 1886 resicantibus
676 1823 807 1886 tentata
843 1836 1026 1913 nunquam
1060 1809 1296 1911 permittimus
1325 1809 1399 1909 epi,-

244 1909 449 2004 ⁸tlennide
482 1928 651 2032 spoliari,
679 1928 743 2002 sed
772 1927 921 2030 simplici
959 1943 1139 2028 unguento
1174 1951 1218 2000 ex
1251 1923 1330 2000 oleo
1365 1938 1400 2002 et

284 2047 466 2142 cera,ch
488 2047 620 2148 butyro
645 2045 777 2120 insulso
802 2044 1115 2122 consolidationem
1132 2065 1402 2144 promovemus,

283 2189 333 2238 ac
357 2165 475 2265 potius
502 2165 657 2237 resicans
682 2161 926 2265 replicandum
955 2161 1171 2254 suademus,
1201 2159 1400 2260 ubicunque

284 2281 519 2355 commodum
546 2279 692 2358 videtur.
718 2281 761 2354 In
790 2305 857 2354 usu
886 2279 1122 2356 remediorum
1157 2275 1402 2360 revelleutium

283 2399 336 2471 ab
374 2423 417 2474 co
451 2422 591 2500 semper
624 2400 879 2501 proficiscimur
902 2398 1103 2502 principio,
1133 2396 1230 2500 quod
1254 2397 1401 2472 secretio

285 2519 420 2592 vicaria
445 2517 633 2592 artificialis
657 2517 884 2612 morbosam,
909 2544 972 2618 per
997 2531 1169 2617 quantum
1195 2517 1269 2593 fieri
1294 2515 1402 2612 licet,

288 2635 469 2712 aemulare
494 2636 801 2738 debeat3ideoque
825 2637 863 2708 in
887 2633 1169 2728 rheumatismis,
1186 2657 1251 2706 ceu
1268 2631 1400 2706 morbis

287 2751 577 2826 membranarum
601 2775 816 2848 serosarurn,
839 2777 859 2824 a
884 2750 1077 2824 secretione
1101 2773 1217 2824 serosa
1244 2743 1400 2822 Cantha·

288 2871 427 2944 ridibos
450 2885 639 2974 provocata
665 2869 778 2960 multo
801 2875 915 2971 majus
932 2867 1212 2944 emolumentum
1236 2887 1399 2970 expecta·

288 3013 372 3064 mus
397 3004 433 3062 et
456 2969 808 3085 revera'obtinemus,
823 3013 931 3092 quam
949 3013 969 3062 a
984 2988 1178 3069 secretione
1193 2983 1403 3089 purulenta,

290 3107 414 3182 aliave.
438 3109 480 3184 Iu
505 3108 763 3185 rheumatismis
787 3109 990 3206 diuturnis„
1015 3107 1104 3202 ubi,
1133 3121 1273 3210 praeter
1299 3107 1401 3182 inve·

291 3237 441 3299 teratam
466 3240 501 3301 et
526 3225 597 3300 sere
622 3225 838 3302 habitualem
861 3226 1051 3320 diatlresin,
1072 3227 1179 3299 etiam
1195 3223 1401 3301 secundaria

290 3343 385 3418 mala
423 3359 496 3420 tam
536 3346 751 3448 dynamica,
788 3373 895 3450 quam
930 3347 1091 3446 organica
1129 3343 1206 3419 tolli
1245 3344 1402 3444 debent,

290 3460 471 3562 praedicta
497 3465 660 3538 medendi
680 3467 775 3541 ratio
799 3491 872 3540 non
897 3465 1051 3562 sullicit,
1075 3465 1138 3539 sed
1162 3479 1325 3566 potenter
1350 3491 1402 3542 re·

289 3580 510 3658 solventibus
527 3585 788 3680 ,alterantibus
806 3643 816 3684 ,
840 3587 1041 3690 anodynis,
1066 3586 1402 3664 mareotico-acribus

291 3727 384 3803 opus
409 3717 472 3776 est

341 3819 514 3922 Pleraque
538 3823 729 3922 specimina
764 3821 985 3900 smanmuun
1020 3821 1088 3896 hoc
1123 3847 1243 3900 mense
1278 3847 1403 3896 occur·

289 3941 444 4014 rentium
471 3939 567 4013 suere
592 3957 698 4018 acuta
724 3957 759 4018 et
775 3941 931 4043 sebrihir.
968 3942 1161 4016 Chronicos
1192 3939 1402 4016 rheumatis·

290 4081 370 4132 mos
395 4083 468 4134 uon
494 4058 673 4157 vidimus,
697 4063 764 4136 nisi
789 4063 850 4164 qni
875 4067 947 4164 jam
982 4061 1033 4134 uti
1072 4057 1158 4134 tales
1183 4057 1230 4132 ad
1253 4083 1321 4132 nos
1344 4057 1401 4142 de·

290 4172 548 4272 portabantur,
573 4175 617 4250 ab
643 4181 752 4279 aegris
778 4179 950 4279 neglecti,
982 4179 1038 4254 vel
1072 4205 1093 4252 a
1130 4177 1275 4252 medicis
1310 4175 1400 4262 male

291 4295 439 4366 tractati.
464 4293 603 4370 Nostris
628 4297 695 4372 sub
720 4299 813 4372 curis
837 4313 981 4374 acutum
1018 4297 1164 4372 rheuma
1195 4297 1232 4369 in
1264 4295 1398 4370 ebroni-

289 4435 367 4484 cam
393 4409 510 4485 labem
535 4440 693 4522 arripiam
718 4417 968 4518 degenerasse,
994 4443 1065 4493 aron
1093 4415 1325 4492 recordamur.
