<?xml version="1.0" encoding="UTF-8"?>
<!DOCTYPE html PUBLIC "-//W3C//DTD XHTML 1.0 Transitional//EN"
    "http://www.w3.org/TR/xhtml1/DTD/xhtml1-transitional.dtd">
<html xmlns="http://www.w3.org/1999/xhtml" xml:lang="en" lang="en">
 <head>
  <title>
</title>
<meta http-equiv="Content-Type" content="text/html;charset=utf-8" />
  <meta name='ocr-system' content='tesseract 3.04.00' />
  <meta name='ocr-capabilities' content='ocr_page ocr_carea ocr_par ocr_line ocrx_word'/>
</head>
<body>
  <div class='ocr_page' id='page_1' title='image "./annalesscholaec00hildgoog_0184.png"; bbox 0 0 3264 5194; ppageno 0'>
   <div class='ocr_carea' id='block_1_1' title="bbox 263 281 1470 3222">
    <p class='ocr_par' dir='ltr' id='par_1_1' title="bbox 353 281 422 354">
     <span class='ocr_line' id='line_1_1' title="bbox 353 281 422 354; baseline 0 0"><span class='ocrx_word' id='word_1_1' title='bbox 353 281 422 354; x_wconf 74' lang='lat'><strong>160</strong></span> 
     </span>
    </p>

    <p class='ocr_par' dir='ltr' id='par_1_2' title="bbox 263 393 1470 3222">
     <span class='ocr_line' id='line_1_2' title="bbox 347 393 1467 499; baseline -0.006 -27"><span class='ocrx_word' id='word_1_2' title='bbox 347 400 458 472; x_wconf 86' lang='lat' dir='ltr'><strong>menti</strong></span> <span class='ocrx_word' id='word_1_3' title='bbox 481 393 679 499; x_wconf 79' lang='lat' dir='ltr'><strong>subfrigidi,</strong></span> <span class='ocrx_word' id='word_1_4' title='bbox 694 399 871 499; x_wconf 83' lang='lat' dir='ltr'><strong>compagis</strong></span> <span class='ocrx_word' id='word_1_5' title='bbox 887 395 1003 492; x_wconf 88' lang='lat' dir='ltr'><strong>laxae,</strong></span> <span class='ocrx_word' id='word_1_6' title='bbox 1019 393 1173 472; x_wconf 74' lang='lat' dir='ltr'><strong>adversis</strong></span> <span class='ocrx_word' id='word_1_7' title='bbox 1189 394 1313 469; x_wconf 82' lang='lat' dir='ltr'><strong>aribus</strong></span> <span class='ocrx_word' id='word_1_8' title='bbox 1329 409 1467 495; x_wconf 78' lang='lat' dir='ltr'><strong>nupta,</strong></span> 
     </span>
     <span class='ocr_line' id='line_1_3' title="bbox 346 513 1464 619; baseline -0.008 -27"><span class='ocrx_word' id='word_1_9' title='bbox 346 531 384 592; x_wconf 85' lang='lat' dir='ltr'><strong>et</strong></span> <span class='ocrx_word' id='word_1_10' title='bbox 406 544 428 592; x_wconf 88' lang='lat' dir='ltr'><strong>a</strong></span> <span class='ocrx_word' id='word_1_11' title='bbox 452 523 599 619; x_wconf 79' lang='lat' dir='ltr'><strong>conjuge</strong></span> <span class='ocrx_word' id='word_1_12' title='bbox 623 515 829 618; x_wconf 73' lang='lat' dir='ltr'><strong>perplures</strong></span> <span class='ocrx_word' id='word_1_13' title='bbox 854 521 926 616; x_wconf 81' lang='lat' dir='ltr'><strong>jam</strong></span> <span class='ocrx_word' id='word_1_14' title='bbox 950 539 1061 588; x_wconf 88' lang='lat' dir='ltr'><strong>anuos</strong></span> <span class='ocrx_word' id='word_1_15' title='bbox 1086 513 1464 610; x_wconf 84' lang='lat' dir='ltr'><strong>divulsa,innumeris</strong></span> 
     </span>
     <span class='ocr_line' id='line_1_4' title="bbox 346 629 1467 736; baseline -0.007 -26"><span class='ocrx_word' id='word_1_16' title='bbox 346 635 457 710; x_wconf 84' lang='lat' dir='ltr'><strong>l&#39;erme</strong></span> <span class='ocrx_word' id='word_1_17' title='bbox 480 635 616 710; x_wconf 85' lang='lat' dir='ltr'><strong>vicibus</strong></span> <span class='ocrx_word' id='word_1_18' title='bbox 641 636 771 736; x_wconf 86' lang='lat' dir='ltr'><strong>partim</strong></span> <span class='ocrx_word' id='word_1_19' title='bbox 795 661 934 732; x_wconf 78' lang='lat' dir='ltr'><strong>graves,</strong></span> <span class='ocrx_word' id='word_1_20' title='bbox 957 633 1089 734; x_wconf 87' lang='lat' dir='ltr'><strong>partim</strong></span> <span class='ocrx_word' id='word_1_21' title='bbox 1112 629 1209 706; x_wconf 80' lang='lat' dir='ltr'><strong>leves</strong></span> <span class='ocrx_word' id='word_1_22' title='bbox 1234 629 1377 704; x_wconf 79' lang='lat' dir='ltr'><strong>sustulit</strong></span> <span class='ocrx_word' id='word_1_23' title='bbox 1401 656 1467 702; x_wconf 90' lang='lat' dir='ltr'><strong>an·</strong></span> 
     </span>
     <span class='ocr_line' id='line_1_5' title="bbox 347 751 1467 858; baseline -0.005 -28"><span class='ocrx_word' id='word_1_24' title='bbox 347 759 468 856; x_wconf 82' lang='lat' dir='ltr'><strong>gines,</strong></span> <span class='ocrx_word' id='word_1_25' title='bbox 491 782 642 858; x_wconf 88' lang='lat' dir='ltr'><strong>quarum</strong></span> <span class='ocrx_word' id='word_1_26' title='bbox 665 755 781 828; x_wconf 69' lang='lat' dir='ltr'><strong>reditu</strong></span> <span class='ocrx_word' id='word_1_27' title='bbox 806 753 966 828; x_wconf 78' lang='lat' dir='ltr'><strong>tonsillae</strong></span> <span class='ocrx_word' id='word_1_28' title='bbox 992 765 1127 827; x_wconf 64' lang='lat' dir='ltr'><strong>tanum</strong></span> <span class='ocrx_word' id='word_1_29' title='bbox 1150 751 1282 826; x_wconf 87' lang='lat' dir='ltr'><strong>molem</strong></span> <span class='ocrx_word' id='word_1_30' title='bbox 1307 766 1344 824; x_wconf 83' lang='lat' dir='ltr'><strong>et</strong></span> <span class='ocrx_word' id='word_1_31' title='bbox 1366 751 1467 824; x_wconf 90' lang='lat' dir='ltr'><strong>duri-</strong></span> 
     </span>
     <span class='ocr_line' id='line_1_6' title="bbox 347 869 1466 972; baseline -0.006 -24"><span class='ocrx_word' id='word_1_32' title='bbox 347 878 434 948; x_wconf 87' lang='lat' dir='ltr'><strong>tiem</strong></span> <span class='ocrx_word' id='word_1_33' title='bbox 457 887 542 946; x_wconf 87' lang='lat' dir='ltr'><strong>sunt</strong></span> <span class='ocrx_word' id='word_1_34' title='bbox 565 872 740 972; x_wconf 77' lang='lat' dir='ltr'><strong>adeptae,</strong></span> <span class='ocrx_word' id='word_1_35' title='bbox 764 886 805 946; x_wconf 92' lang='lat' dir='ltr'><strong>ut</strong></span> <span class='ocrx_word' id='word_1_36' title='bbox 829 871 944 946; x_wconf 85' lang='lat' dir='ltr'><strong>cultro</strong></span> <span class='ocrx_word' id='word_1_37' title='bbox 969 871 1167 971; x_wconf 82' lang='lat' dir='ltr'><strong>chirurgico</strong></span> <span class='ocrx_word' id='word_1_38' title='bbox 1198 871 1362 970; x_wconf 85' lang='lat' dir='ltr'><strong>extirpari</strong></span> <span class='ocrx_word' id='word_1_39' title='bbox 1397 869 1466 942; x_wconf 84' lang='lat' dir='ltr'><strong>de·</strong></span> 
     </span>
     <span class='ocr_line' id='line_1_7' title="bbox 347 985 1466 1090; baseline -0.006 -24"><span class='ocrx_word' id='word_1_40' title='bbox 347 991 515 1080; x_wconf 87' lang='lat' dir='ltr'><strong>buissent</strong></span> <span class='ocrx_word' id='word_1_41' title='bbox 530 988 585 1062; x_wconf 80' lang='lat' dir='ltr'><strong>Ab</strong></span> <span class='ocrx_word' id='word_1_42' title='bbox 602 988 663 1063; x_wconf 89' lang='lat' dir='ltr'><strong>illo</strong></span> <span class='ocrx_word' id='word_1_43' title='bbox 679 1003 838 1090; x_wconf 85' lang='lat' dir='ltr'><strong>tempore</strong></span> <span class='ocrx_word' id='word_1_44' title='bbox 855 987 960 1062; x_wconf 92' lang='lat' dir='ltr'><strong>nullis</strong></span> <span class='ocrx_word' id='word_1_45' title='bbox 972 985 1129 1090; x_wconf 86' lang='lat' dir='ltr'><strong>amplius</strong></span> <span class='ocrx_word' id='word_1_46' title='bbox 1147 985 1266 1062; x_wconf 77' lang='lat' dir='ltr'><strong>fauces</strong></span> <span class='ocrx_word' id='word_1_47' title='bbox 1287 985 1466 1061; x_wconf 85' lang='lat' dir='ltr'><strong>obnoxiae</strong></span> 
     </span>
     <span class='ocr_line' id='line_1_8' title="bbox 348 1105 1466 1214; baseline -0.005 -28"><span class='ocrx_word' id='word_1_48' title='bbox 348 1125 449 1186; x_wconf 89' lang='lat' dir='ltr'><strong>erant</strong></span> <span class='ocrx_word' id='word_1_49' title='bbox 483 1110 733 1214; x_wconf 83' lang='lat' dir='ltr'><strong>phlegmasiis,</strong></span> <span class='ocrx_word' id='word_1_50' title='bbox 769 1109 914 1212; x_wconf 88' lang='lat' dir='ltr'><strong>solaque</strong></span> <span class='ocrx_word' id='word_1_51' title='bbox 953 1110 1122 1185; x_wconf 80' lang='lat' dir='ltr'><strong>remansit</strong></span> <span class='ocrx_word' id='word_1_52' title='bbox 1155 1105 1466 1211; x_wconf 68' lang='lat' dir='ltr'><strong>mycterophonie,</strong></span> 
     </span>
     <span class='ocr_line' id='line_1_9' title="bbox 348 1224 1467 1328; baseline -0.006 -25"><span class='ocrx_word' id='word_1_53' title='bbox 348 1229 453 1303; x_wconf 77' lang='lat' dir='ltr'><strong>Anno</strong></span> <span class='ocrx_word' id='word_1_54' title='bbox 484 1230 604 1323; x_wconf 80' lang='lat'><strong>1810,</strong></span> <span class='ocrx_word' id='word_1_55' title='bbox 628 1227 716 1300; x_wconf 88' lang='lat' dir='ltr'><strong>dum</strong></span> <span class='ocrx_word' id='word_1_56' title='bbox 730 1241 847 1324; x_wconf 54' lang='lat' dir='ltr'><strong>‚rutero</strong></span> <span class='ocrx_word' id='word_1_57' title='bbox 881 1241 1057 1327; x_wconf 82' lang='lat' dir='ltr'><strong>gestaret,</strong></span> <span class='ocrx_word' id='word_1_58' title='bbox 1091 1225 1261 1328; x_wconf 84' lang='lat' dir='ltr'><strong>hydropis</strong></span> <span class='ocrx_word' id='word_1_59' title='bbox 1299 1224 1467 1298; x_wconf 87' lang='lat' dir='ltr'><strong>abdomi-</strong></span> 
     </span>
     <span class='ocr_line' id='line_1_10' title="bbox 349 1341 1470 1446; baseline -0.007 -26"><span class='ocrx_word' id='word_1_60' title='bbox 349 1345 439 1420; x_wconf 88' lang='lat' dir='ltr'><strong>nalis</strong></span> <span class='ocrx_word' id='word_1_61' title='bbox 465 1371 587 1420; x_wconf 87' lang='lat' dir='ltr'><strong>casum</strong></span> <span class='ocrx_word' id='word_1_62' title='bbox 615 1343 773 1441; x_wconf 80' lang='lat' dir='ltr'><strong>subivit,</strong></span> <span class='ocrx_word' id='word_1_63' title='bbox 805 1346 868 1446; x_wconf 81' lang='lat' dir='ltr'><strong>qui</strong></span> <span class='ocrx_word' id='word_1_64' title='bbox 893 1358 1035 1440; x_wconf 75' lang='lat' dir='ltr'><strong>minen,—</strong></span> <span class='ocrx_word' id='word_1_65' title='bbox 1057 1341 1156 1445; x_wconf 88' lang='lat' dir='ltr'><strong>prole</strong></span> <span class='ocrx_word' id='word_1_66' title='bbox 1180 1341 1314 1416; x_wconf 88' lang='lat' dir='ltr'><strong>nedum</strong></span> <span class='ocrx_word' id='word_1_67' title='bbox 1337 1341 1470 1436; x_wconf 83' lang='lat' dir='ltr'><strong>enixa,</strong></span> 
     </span>
     <span class='ocr_line' id='line_1_11' title="bbox 348 1459 1466 1560; baseline -0.009 -20"><span class='ocrx_word' id='word_1_68' title='bbox 348 1463 424 1550; x_wconf 80' lang='lat' dir='ltr'><strong>siue</strong></span> <span class='ocrx_word' id='word_1_69' title='bbox 448 1461 521 1538; x_wconf 89' lang='lat' dir='ltr'><strong>ullo</strong></span> <span class='ocrx_word' id='word_1_70' title='bbox 546 1463 629 1536; x_wconf 82' lang='lat' dir='ltr'><strong>artis</strong></span> <span class='ocrx_word' id='word_1_71' title='bbox 654 1459 868 1538; x_wconf 85' lang='lat' dir='ltr'><strong>adminiculo</strong></span> <span class='ocrx_word' id='word_1_72' title='bbox 890 1463 1045 1536; x_wconf 76' lang='lat' dir='ltr'><strong>evanuit.</strong></span> <span class='ocrx_word' id='word_1_73' title='bbox 1070 1463 1220 1536; x_wconf 85' lang='lat' dir='ltr'><strong>ineunte</strong></span> <span class='ocrx_word' id='word_1_74' title='bbox 1240 1485 1335 1534; x_wconf 90' lang='lat' dir='ltr'><strong>anno</strong></span> <span class='ocrx_word' id='word_1_75' title='bbox 1367 1461 1466 1560; x_wconf 77' lang='lat'><strong>1817</strong></span> 
     </span>
     <span class='ocr_line' id='line_1_12' title="bbox 349 1577 1469 1681; baseline -0.004 -27"><span class='ocrx_word' id='word_1_76' title='bbox 349 1580 395 1654; x_wconf 90' lang='lat' dir='ltr'><strong>ah</strong></span> <span class='ocrx_word' id='word_1_77' title='bbox 419 1577 632 1656; x_wconf 81' lang='lat' dir='ltr'>intolerabili</span> <span class='ocrx_word' id='word_1_78' title='bbox 655 1581 843 1681; x_wconf 84' lang='lat' dir='ltr'><strong>corripitur</strong></span> <span class='ocrx_word' id='word_1_79' title='bbox 866 1581 1044 1681; x_wconf 82' lang='lat' dir='ltr'><strong>prurigine</strong></span> <span class='ocrx_word' id='word_1_80' title='bbox 1068 1605 1132 1680; x_wconf 86' lang='lat' dir='ltr'><strong>par</strong></span> <span class='ocrx_word' id='word_1_81' title='bbox 1147 1581 1353 1654; x_wconf 83' lang='lat' dir='ltr'><strong>universum</strong></span> <span class='ocrx_word' id='word_1_82' title='bbox 1369 1579 1469 1650; x_wconf 84' lang='lat' dir='ltr'><strong>eutis</strong></span> 
     </span>
     <span class='ocr_line' id='line_1_13' title="bbox 350 1695 1470 1800; baseline -0.002 -30"><span class='ocrx_word' id='word_1_83' title='bbox 350 1697 525 1772; x_wconf 85' lang='lat' dir='ltr'><strong>ambitum</strong></span> <span class='ocrx_word' id='word_1_84' title='bbox 548 1697 701 1795; x_wconf 81' lang='lat' dir='ltr'><strong>diffissa,</strong></span> <span class='ocrx_word' id='word_1_85' title='bbox 727 1725 792 1800; x_wconf 90' lang='lat' dir='ltr'><strong>per</strong></span> <span class='ocrx_word' id='word_1_86' title='bbox 815 1699 909 1774; x_wconf 83' lang='lat' dir='ltr'><strong>vices</strong></span> <span class='ocrx_word' id='word_1_87' title='bbox 934 1712 1156 1795; x_wconf 79' lang='lat' dir='ltr'><strong>recurrente,</strong></span> <span class='ocrx_word' id='word_1_88' title='bbox 1171 1699 1371 1798; x_wconf 84' lang='lat' dir='ltr'><strong>iterumque</strong></span> <span class='ocrx_word' id='word_1_89' title='bbox 1395 1695 1470 1770; x_wconf 85' lang='lat' dir='ltr'><strong>dis-</strong></span> 
     </span>
     <span class='ocr_line' id='line_1_14' title="bbox 350 1815 1470 1919; baseline 0.002 -31"><span class='ocrx_word' id='word_1_90' title='bbox 350 1830 523 1917; x_wconf 80' lang='lat' dir='ltr'><strong>paresne,</strong></span> <span class='ocrx_word' id='word_1_91' title='bbox 546 1817 633 1918; x_wconf 87' lang='lat' dir='ltr'><strong>quin</strong></span> <span class='ocrx_word' id='word_1_92' title='bbox 658 1816 763 1890; x_wconf 85' lang='lat' dir='ltr'><strong>aliam</strong></span> <span class='ocrx_word' id='word_1_93' title='bbox 787 1817 893 1919; x_wconf 79' lang='lat' dir='ltr'><strong>hujus</strong></span> <span class='ocrx_word' id='word_1_94' title='bbox 917 1815 1098 1892; x_wconf 86' lang='lat' dir='ltr'><strong>molestiae</strong></span> <span class='ocrx_word' id='word_1_95' title='bbox 1127 1841 1298 1914; x_wconf 70' lang='lat' dir='ltr'><strong>cauum,</strong></span> <span class='ocrx_word' id='word_1_96' title='bbox 1325 1829 1470 1918; x_wconf 84' lang='lat' dir='ltr'><strong>praeter</strong></span> 
     </span>
     <span class='ocr_line' id='line_1_15' title="bbox 353 1933 1470 2036; baseline -0.002 -26"><span class='ocrx_word' id='word_1_97' title='bbox 353 1933 518 2010; x_wconf 85' lang='lat' dir='ltr'><strong>crebrum</strong></span> <span class='ocrx_word' id='word_1_98' title='bbox 542 1937 800 2032; x_wconf 87' lang='lat' dir='ltr'><strong>acetariorum,</strong></span> <span class='ocrx_word' id='word_1_99' title='bbox 823 1951 860 2010; x_wconf 89' lang='lat' dir='ltr'><strong>et</strong></span> <span class='ocrx_word' id='word_1_100' title='bbox 884 1938 998 2010; x_wconf 89' lang='lat' dir='ltr'><strong>carnis</strong></span> <span class='ocrx_word' id='word_1_101' title='bbox 1022 1935 1094 2010; x_wconf 86' lang='lat' dir='ltr'><strong>sale</strong></span> <span class='ocrx_word' id='word_1_102' title='bbox 1119 1935 1287 2036; x_wconf 76' lang='lat' dir='ltr'><strong>fumoque</strong></span> <span class='ocrx_word' id='word_1_103' title='bbox 1316 1934 1470 2010; x_wconf 82' lang='lat' dir='ltr'><strong>duratae</strong></span> 
     </span>
     <span class='ocr_line' id='line_1_16' title="bbox 352 2052 1470 2155; baseline 0.001 -32"><span class='ocrx_word' id='word_1_104' title='bbox 352 2071 475 2146; x_wconf 86' lang='lat' dir='ltr'><strong>usum,</strong></span> <span class='ocrx_word' id='word_1_105' title='bbox 491 2053 667 2126; x_wconf 87' lang='lat' dir='ltr'><strong>criminari</strong></span> <span class='ocrx_word' id='word_1_106' title='bbox 683 2053 848 2128; x_wconf 79' lang='lat' dir='ltr'><strong>scivisset.</strong></span> <span class='ocrx_word' id='word_1_107' title='bbox 865 2055 1033 2155; x_wconf 83' lang='lat' dir='ltr'><strong>Quinque</strong></span> <span class='ocrx_word' id='word_1_108' title='bbox 1049 2054 1195 2128; x_wconf 89' lang='lat' dir='ltr'><strong>demum</strong></span> <span class='ocrx_word' id='word_1_109' title='bbox 1216 2052 1346 2126; x_wconf 82' lang='lat' dir='ltr'><strong>abhinc</strong></span> <span class='ocrx_word' id='word_1_110' title='bbox 1365 2077 1470 2124; x_wconf 86' lang='lat' dir='ltr'><strong>men-</strong></span> 
     </span>
     <span class='ocr_line' id='line_1_17' title="bbox 352 2167 1470 2272; baseline 0 -30"><span class='ocrx_word' id='word_1_111' title='bbox 352 2167 449 2242; x_wconf 88' lang='lat' dir='ltr'><strong>sibus</strong></span> <span class='ocrx_word' id='word_1_112' title='bbox 472 2170 610 2270; x_wconf 83' lang='lat' dir='ltr'><strong>saepius</strong></span> <span class='ocrx_word' id='word_1_113' title='bbox 635 2171 749 2272; x_wconf 87' lang='lat' dir='ltr'><strong>capite</strong></span> <span class='ocrx_word' id='word_1_114' title='bbox 773 2170 908 2268; x_wconf 88' lang='lat' dir='ltr'><strong>doluit,</strong></span> <span class='ocrx_word' id='word_1_115' title='bbox 929 2197 950 2244; x_wconf 90' lang='lat' dir='ltr'><strong>a</strong></span> <span class='ocrx_word' id='word_1_116' title='bbox 974 2197 1047 2272; x_wconf 91' lang='lat' dir='ltr'><strong>qno</strong></span> <span class='ocrx_word' id='word_1_117' title='bbox 1071 2169 1299 2246; x_wconf 88' lang='lat' dir='ltr'><strong>incommodo</strong></span> <span class='ocrx_word' id='word_1_118' title='bbox 1322 2169 1470 2244; x_wconf 87' lang='lat' dir='ltr'><strong>liberari</strong></span> 
     </span>
     <span class='ocr_line' id='line_1_18' title="bbox 352 2285 1468 2390; baseline 0.001 -31"><span class='ocrx_word' id='word_1_119' title='bbox 352 2287 497 2386; x_wconf 82' lang='lat' dir='ltr'><strong>cupiam</strong></span> <span class='ocrx_word' id='word_1_120' title='bbox 521 2285 699 2364; x_wconf 87' lang='lat' dir='ltr'><strong>medicum</strong></span> <span class='ocrx_word' id='word_1_121' title='bbox 723 2287 849 2387; x_wconf 87' lang='lat' dir='ltr'><strong>adivit,</strong></span> <span class='ocrx_word' id='word_1_122' title='bbox 865 2293 1010 2390; x_wconf 84' lang='lat' dir='ltr'><strong>ejusque</strong></span> <span class='ocrx_word' id='word_1_123' title='bbox 1034 2287 1183 2364; x_wconf 83' lang='lat' dir='ltr'><strong>corrsilio</strong></span> <span class='ocrx_word' id='word_1_124' title='bbox 1199 2288 1468 2390; x_wconf 82' lang='lat' dir='ltr'><strong>obtemperans,</strong></span> 
     </span>
     <span class='ocr_line' id='line_1_19' title="bbox 350 2403 1469 2508; baseline 0.004 -33"><span class='ocrx_word' id='word_1_125' title='bbox 350 2405 559 2504; x_wconf 80' lang='lat' dir='ltr'><strong>sauguinem</strong></span> <span class='ocrx_word' id='word_1_126' title='bbox 582 2403 650 2476; x_wconf 88' lang='lat' dir='ltr'><strong>sibi</strong></span> <span class='ocrx_word' id='word_1_127' title='bbox 673 2429 694 2477; x_wconf 88' lang='lat' dir='ltr'><strong>e</strong></span> <span class='ocrx_word' id='word_1_128' title='bbox 718 2429 810 2479; x_wconf 85' lang='lat' dir='ltr'><strong>vena</strong></span> <span class='ocrx_word' id='word_1_129' title='bbox 834 2405 939 2478; x_wconf 90' lang='lat' dir='ltr'><strong>educi</strong></span> <span class='ocrx_word' id='word_1_130' title='bbox 963 2407 1108 2482; x_wconf 82' lang='lat' dir='ltr'><strong>curavit.</strong></span> <span class='ocrx_word' id='word_1_131' title='bbox 1126 2405 1296 2480; x_wconf 85' lang='lat' dir='ltr'><strong>Suffertur</strong></span> <span class='ocrx_word' id='word_1_132' title='bbox 1319 2403 1469 2508; x_wconf 87' lang='lat' dir='ltr'><strong>quidem</strong></span> 
     </span>
     <span class='ocr_line' id='line_1_20' title="bbox 353 2521 1469 2626; baseline 0.002 -30"><span class='ocrx_word' id='word_1_133' title='bbox 353 2521 587 2624; x_wconf 81' lang='lat' dir='ltr'><strong>cephalalgia,</strong></span> <span class='ocrx_word' id='word_1_134' title='bbox 607 2524 717 2598; x_wconf 90' lang='lat' dir='ltr'><strong>immo</strong></span> <span class='ocrx_word' id='word_1_135' title='bbox 742 2539 779 2598; x_wconf 89' lang='lat' dir='ltr'><strong>et</strong></span> <span class='ocrx_word' id='word_1_136' title='bbox 801 2525 1013 2626; x_wconf 84' lang='lat' dir='ltr'><strong>pruriginosi</strong></span> <span class='ocrx_word' id='word_1_137' title='bbox 1037 2525 1195 2600; x_wconf 84' lang='lat' dir='ltr'><strong>adiectus</strong></span> <span class='ocrx_word' id='word_1_138' title='bbox 1220 2551 1326 2600; x_wconf 90' lang='lat' dir='ltr'><strong>omne</strong></span> <span class='ocrx_word' id='word_1_139' title='bbox 1349 2523 1469 2626; x_wconf 77' lang='lat' dir='ltr'><strong>dispa-</strong></span> 
     </span>
     <span class='ocr_line' id='line_1_21' title="bbox 352 2644 1467 2745; baseline 0 -24"><span class='ocrx_word' id='word_1_140' title='bbox 352 2655 408 2722; x_wconf 78' lang='lat' dir='ltr'><strong>ret</strong></span> <span class='ocrx_word' id='word_1_141' title='bbox 430 2644 643 2742; x_wconf 70' lang='lat' dir='ltr'><strong>vestigium,</strong></span> <span class='ocrx_word' id='word_1_142' title='bbox 667 2659 721 2718; x_wconf 87' lang='lat' dir='ltr'><strong>ast</strong></span> <span class='ocrx_word' id='word_1_143' title='bbox 744 2645 885 2720; x_wconf 84' lang='lat' dir='ltr'><strong>insolita</strong></span> <span class='ocrx_word' id='word_1_144' title='bbox 913 2660 950 2719; x_wconf 89' lang='lat' dir='ltr'><strong>et</strong></span> <span class='ocrx_word' id='word_1_145' title='bbox 984 2646 1137 2721; x_wconf 88' lang='lat' dir='ltr'><strong>clamosa</strong></span> <span class='ocrx_word' id='word_1_146' title='bbox 1173 2645 1375 2720; x_wconf 79' lang='lat' dir='ltr'><strong>incenditur</strong></span> <span class='ocrx_word' id='word_1_147' title='bbox 1397 2670 1467 2745; x_wconf 90' lang='lat' dir='ltr'><strong>po-</strong></span> 
     </span>
     <span class='ocr_line' id='line_1_22' title="bbox 354 2758 1468 2866; baseline 0.004 -34"><span class='ocrx_word' id='word_1_148' title='bbox 354 2758 455 2835; x_wconf 85' lang='lat' dir='ltr'><strong>tandi</strong></span> <span class='ocrx_word' id='word_1_149' title='bbox 495 2759 653 2862; x_wconf 89' lang='lat' dir='ltr'><strong>cupido,</strong></span> <span class='ocrx_word' id='word_1_150' title='bbox 686 2763 824 2860; x_wconf 88' lang='lat' dir='ltr'><strong>urinis,</strong></span> <span class='ocrx_word' id='word_1_151' title='bbox 857 2763 955 2866; x_wconf 84' lang='lat' dir='ltr'><strong>quod</strong></span> <span class='ocrx_word' id='word_1_152' title='bbox 990 2767 1100 2865; x_wconf 87' lang='lat' dir='ltr'><strong>ipsius</strong></span> <span class='ocrx_word' id='word_1_153' title='bbox 1137 2791 1260 2865; x_wconf 80' lang='lat' dir='ltr'><strong>aegrae</strong></span> <span class='ocrx_word' id='word_1_154' title='bbox 1298 2763 1468 2866; x_wconf 84' lang='lat' dir='ltr'><strong>profanae</strong></span> 
     </span>
     <span class='ocr_line' id='line_1_23' title="bbox 263 2877 1467 2984; baseline 0.002 -32"><span class='ocrx_word' id='word_1_155' title='bbox 263 2955 268 2964; x_wconf 75' lang='grc'>,</span> <span class='ocrx_word' id='word_1_156' title='bbox 353 2877 595 2956; x_wconf 83' lang='lat' dir='ltr'><strong>adtentionem</strong></span> <span class='ocrx_word' id='word_1_157' title='bbox 619 2905 692 2954; x_wconf 88' lang='lat' dir='ltr'><strong>non</strong></span> <span class='ocrx_word' id='word_1_158' title='bbox 717 2880 864 2982; x_wconf 83' lang='lat' dir='ltr'><strong>effugit,</strong></span> <span class='ocrx_word' id='word_1_159' title='bbox 887 2896 992 2982; x_wconf 83' lang='lat' dir='ltr'><strong>potus</strong></span> <span class='ocrx_word' id='word_1_160' title='bbox 1017 2883 1157 2984; x_wconf 86' lang='lat' dir='ltr'><strong>copiam</strong></span> <span class='ocrx_word' id='word_1_161' title='bbox 1180 2881 1382 2958; x_wconf 81' lang='lat' dir='ltr'><strong>notabiliter</strong></span> <span class='ocrx_word' id='word_1_162' title='bbox 1403 2907 1467 2954; x_wconf 91' lang='lat' dir='ltr'><strong>su·</strong></span> 
     </span>
     <span class='ocr_line' id='line_1_24' title="bbox 352 2995 1470 3096; baseline 0 -22"><span class='ocrx_word' id='word_1_163' title='bbox 352 2995 567 3096; x_wconf 76' lang='lat' dir='ltr'><strong>perentibus.</strong></span> <span class='ocrx_word' id='word_1_164' title='bbox 591 2997 658 3072; x_wconf 88' lang='lat' dir='ltr'><strong>Die</strong></span> <span class='ocrx_word' id='word_1_165' title='bbox 676 3023 708 3072; x_wconf 84' lang='lat' dir='ltr'><strong>a.</strong></span> <span class='ocrx_word' id='word_1_166' title='bbox 724 2997 929 3072; x_wconf 86' lang='lat' dir='ltr'><strong>Decembris</strong></span> <span class='ocrx_word' id='word_1_167' title='bbox 953 3001 992 3072; x_wconf 95' lang='lat' dir='ltr'><strong>in</strong></span> <span class='ocrx_word' id='word_1_168' title='bbox 1016 2999 1143 3076; x_wconf 84' lang='lat' dir='ltr'><strong>Schola</strong></span> <span class='ocrx_word' id='word_1_169' title='bbox 1167 2999 1294 3074; x_wconf 88' lang='lat' dir='ltr'><strong>clinica</strong></span> <span class='ocrx_word' id='word_1_170' title='bbox 1318 2997 1470 3074; x_wconf 86' lang='lat' dir='ltr'><strong>colloca·</strong></span> 
     </span>
     <span class='ocr_line' id='line_1_25' title="bbox 348 3115 1468 3222; baseline 0.004 -34"><span class='ocrx_word' id='word_1_171' title='bbox 348 3129 423 3188; x_wconf 81' lang='lat' dir='ltr'><strong>tur.</strong></span> <span class='ocrx_word' id='word_1_172' title='bbox 448 3118 565 3218; x_wconf 87' lang='lat' dir='ltr'><strong>Caput</strong></span> <span class='ocrx_word' id='word_1_173' title='bbox 588 3115 633 3194; x_wconf 87' lang='lat' dir='ltr'><strong>ab</strong></span> <span class='ocrx_word' id='word_1_174' title='bbox 658 3119 758 3192; x_wconf 86' lang='lat' dir='ltr'><strong>omni</strong></span> <span class='ocrx_word' id='word_1_175' title='bbox 782 3117 862 3192; x_wconf 90' lang='lat' dir='ltr'><strong>labe</strong></span> <span class='ocrx_word' id='word_1_176' title='bbox 885 3117 1064 3217; x_wconf 77' lang='lat' dir='ltr'><strong>liberum,</strong></span> <span class='ocrx_word' id='word_1_177' title='bbox 1092 3117 1293 3222; x_wconf 81' lang='lat' dir='ltr'><strong>polydipsia</strong></span> <span class='ocrx_word' id='word_1_178' title='bbox 1322 3118 1468 3213; x_wconf 66' lang='lat' dir='ltr'><strong>insatia7</strong></span> 
     </span>
    </p>
   </div>
   <div class='ocr_carea' id='block_1_2' title="bbox 191 3213 1468 3336">
    <p class='ocr_par' dir='ltr' id='par_1_3' title="bbox 191 3213 1468 3336">
     <span class='ocr_line' id='line_1_26' title="bbox 191 3213 1468 3336; baseline -0.002 -27"><span class='ocrx_word' id='word_1_179' title='bbox 191 3329 194 3334; x_wconf 21' lang='grc' dir='ltr'>Ι</span> <span class='ocrx_word' id='word_1_180' title='bbox 353 3231 456 3331; x_wconf 84' lang='lat' dir='ltr'><strong>bilis,</strong></span> <span class='ocrx_word' id='word_1_181' title='bbox 479 3235 529 3308; x_wconf 89' lang='lat' dir='ltr'><strong>ita</strong></span> <span class='ocrx_word' id='word_1_182' title='bbox 553 3247 594 3308; x_wconf 87' lang='lat' dir='ltr'><strong>ut</strong></span> <span class='ocrx_word' id='word_1_183' title='bbox 617 3237 731 3310; x_wconf 90' lang='lat' dir='ltr'><strong>noctis</strong></span> <span class='ocrx_word' id='word_1_184' title='bbox 755 3235 940 3312; x_wconf 85' lang='lat' dir='ltr'><strong>intervallo</strong></span> <span class='ocrx_word' id='word_1_185' title='bbox 971 3235 1039 3311; x_wconf 76' lang='lat'><strong>186</strong></span> <span class='ocrx_word' id='word_1_186' title='bbox 1064 3237 1184 3312; x_wconf 89' lang='lat' dir='ltr'><strong>uncias</strong></span> <span class='ocrx_word' id='word_1_187' title='bbox 1208 3235 1365 3310; x_wconf 85' lang='lat' dir='ltr'><strong>medicas</strong></span> <span class='ocrx_word' id='word_1_188' title='bbox 1380 3213 1468 3336; x_wconf 57' lang='lat' dir='ltr'><strong>epo!</strong></span> 
     </span>
    </p>
   </div>
   <div class='ocr_carea' id='block_1_3' title="bbox 354 3350 1469 3697">
    <p class='ocr_par' dir='ltr' id='par_1_4' title="bbox 354 3350 1469 3697">
     <span class='ocr_line' id='line_1_27' title="bbox 355 3350 1469 3456; baseline 0.004 -32"><span class='ocrx_word' id='word_1_189' title='bbox 355 3350 503 3448; x_wconf 71' lang='lat' dir='ltr'><strong>tarent,</strong></span> <span class='ocrx_word' id='word_1_190' title='bbox 526 3351 639 3425; x_wconf 68' lang='lat' dir='ltr'><strong>orons</strong></span> <span class='ocrx_word' id='word_1_191' title='bbox 663 3352 873 3451; x_wconf 76' lang='lat' dir='ltr'><strong>imminuta,</strong></span> <span class='ocrx_word' id='word_1_192' title='bbox 896 3351 1016 3454; x_wconf 79' lang='lat' dir='ltr'><strong>lingua</strong></span> <span class='ocrx_word' id='word_1_193' title='bbox 1040 3379 1152 3456; x_wconf 75' lang='lat' dir='ltr'><strong>pura,</strong></span> <span class='ocrx_word' id='word_1_194' title='bbox 1176 3354 1363 3456; x_wconf 85' lang='lat' dir='ltr'><strong>respiratio</strong></span> <span class='ocrx_word' id='word_1_195' title='bbox 1385 3377 1469 3428; x_wconf 68' lang='lat' dir='ltr'><strong>nor</strong></span> 
     </span>
     <span class='ocr_line' id='line_1_28' title="bbox 354 3466 1468 3577; baseline 0.005 -35"><span class='ocrx_word' id='word_1_196' title='bbox 354 3466 479 3565; x_wconf 87' lang='lat' dir='ltr'><strong>malis,</strong></span> <span class='ocrx_word' id='word_1_197' title='bbox 501 3481 540 3544; x_wconf 90' lang='lat' dir='ltr'><strong>et</strong></span> <span class='ocrx_word' id='word_1_198' title='bbox 562 3471 704 3544; x_wconf 86' lang='lat' dir='ltr'><strong>nonnisi</strong></span> <span class='ocrx_word' id='word_1_199' title='bbox 727 3487 809 3574; x_wconf 86' lang='lat' dir='ltr'><strong>post</strong></span> <span class='ocrx_word' id='word_1_200' title='bbox 832 3487 971 3548; x_wconf 92' lang='lat' dir='ltr'><strong>motum</strong></span> <span class='ocrx_word' id='word_1_201' title='bbox 986 3476 1159 3577; x_wconf 83' lang='lat' dir='ltr'><strong>tantisper</strong></span> <span class='ocrx_word' id='word_1_202' title='bbox 1174 3477 1280 3550; x_wconf 83' lang='lat' dir='ltr'><strong>citata</strong></span> <span class='ocrx_word' id='word_1_203' title='bbox 1296 3489 1334 3550; x_wconf 88' lang='lat' dir='ltr'><strong>et</strong></span> <span class='ocrx_word' id='word_1_204' title='bbox 1348 3473 1468 3570; x_wconf 66' lang='lat' dir='ltr'><strong>anxia,</strong></span> 
     </span>
     <span class='ocr_line' id='line_1_29' title="bbox 355 3585 1468 3697; baseline 0.001 -32"><span class='ocrx_word' id='word_1_205' title='bbox 355 3585 532 3665; x_wconf 75' lang='lat' dir='ltr'><strong>abdomen</strong></span> <span class='ocrx_word' id='word_1_206' title='bbox 555 3586 689 3686; x_wconf 89' lang='lat' dir='ltr'><strong>molle,</strong></span> <span class='ocrx_word' id='word_1_207' title='bbox 712 3605 750 3664; x_wconf 86' lang='lat' dir='ltr'><strong>et</strong></span> <span class='ocrx_word' id='word_1_208' title='bbox 782 3591 972 3689; x_wconf 64' lang='lat' dir='ltr'><strong>indolens,</strong></span> <span class='ocrx_word' id='word_1_209' title='bbox 1001 3595 1192 3697; x_wconf 88' lang='lat' dir='ltr'><strong>conspicua</strong></span> <span class='ocrx_word' id='word_1_210' title='bbox 1224 3591 1468 3668; x_wconf 86' lang='lat' dir='ltr'><strong>membrorum</strong></span> 
     </span>
    </p>
   </div>
   <div class='ocr_carea' id='block_1_4' title="bbox 354 3697 1471 4531">
    <p class='ocr_par' dir='ltr' id='par_1_5' title="bbox 354 3697 1471 4531">
     <span class='ocr_line' id='line_1_30' title="bbox 355 3697 1467 3810; baseline 0.006 -31"><span class='ocrx_word' id='word_1_211' title='bbox 355 3709 557 3782; x_wconf 83' lang='lat' dir='ltr'><strong>extenuatio</strong></span> <span class='ocrx_word' id='word_1_212' title='bbox 580 3721 618 3782; x_wconf 88' lang='lat' dir='ltr'><strong>et</strong></span> <span class='ocrx_word' id='word_1_213' title='bbox 641 3697 785 3806; x_wconf 77' lang='lat' dir='ltr'><strong>crurum</strong></span> <span class='ocrx_word' id='word_1_214' title='bbox 808 3711 997 3810; x_wconf 69' lang='lat' dir='ltr'><strong>debilitas,</strong></span> <span class='ocrx_word' id='word_1_215' title='bbox 1021 3717 1112 3788; x_wconf 88' lang='lat' dir='ltr'><strong>cutis</strong></span> <span class='ocrx_word' id='word_1_216' title='bbox 1137 3713 1359 3810; x_wconf 82' lang='lat' dir='ltr'><strong>aridissima,</strong></span> <span class='ocrx_word' id='word_1_217' title='bbox 1386 3737 1467 3788; x_wconf 87' lang='lat' dir='ltr'><strong>cor·</strong></span> 
     </span>
     <span class='ocr_line' id='line_1_31' title="bbox 355 3833 1467 3935; baseline 0.004 -33"><span class='ocrx_word' id='word_1_218' title='bbox 355 3841 503 3928; x_wconf 80' lang='lat' dir='ltr'><strong>rugata,</strong></span> <span class='ocrx_word' id='word_1_219' title='bbox 527 3853 758 3929; x_wconf 69' lang='lat' dir='ltr'><strong>pergamena,</strong></span> <span class='ocrx_word' id='word_1_220' title='bbox 781 3857 903 3907; x_wconf 83' lang='lat' dir='ltr'><strong>seruus</strong></span> <span class='ocrx_word' id='word_1_221' title='bbox 928 3833 1203 3935; x_wconf 82' lang='lat' dir='ltr'><strong>horripilationis</strong></span> <span class='ocrx_word' id='word_1_222' title='bbox 1237 3835 1467 3935; x_wconf 87' lang='lat' dir='ltr'><strong>quotiescun·</strong></span> 
     </span>
     <span class='ocr_line' id='line_1_32' title="bbox 355 3949 1471 4056; baseline 0.007 -36"><span class='ocrx_word' id='word_1_223' title='bbox 355 3975 425 4052; x_wconf 88' lang='lat' dir='ltr'><strong>quo</strong></span> <span class='ocrx_word' id='word_1_224' title='bbox 451 3949 611 4046; x_wconf 78' lang='lat' dir='ltr'><strong>frigidam</strong></span> <span class='ocrx_word' id='word_1_225' title='bbox 637 3951 781 4047; x_wconf 64' lang='lat' dir='ltr'><strong>haurit,</strong></span> <span class='ocrx_word' id='word_1_226' title='bbox 804 3953 926 4054; x_wconf 85' lang='lat' dir='ltr'><strong>pulsus</strong></span> <span class='ocrx_word' id='word_1_227' title='bbox 951 3955 1071 4056; x_wconf 89' lang='lat' dir='ltr'><strong>quoad</strong></span> <span class='ocrx_word' id='word_1_228' title='bbox 1095 3981 1286 4029; x_wconf 87' lang='lat' dir='ltr'><strong>numerum</strong></span> <span class='ocrx_word' id='word_1_229' title='bbox 1309 3968 1347 4028; x_wconf 88' lang='lat' dir='ltr'><strong>et</strong></span> <span class='ocrx_word' id='word_1_230' title='bbox 1370 3951 1471 4054; x_wconf 80' lang='lat' dir='ltr'><strong>rhyt-</strong></span> 
     </span>
     <span class='ocr_line' id='line_1_33' title="bbox 354 4065 1469 4173; baseline 0.005 -35"><span class='ocrx_word' id='word_1_231' title='bbox 354 4089 456 4148; x_wconf 82' lang='lat' dir='ltr'><strong>mum</strong></span> <span class='ocrx_word' id='word_1_232' title='bbox 479 4065 677 4165; x_wconf 86' lang='lat' dir='ltr'><strong>normales,</strong></span> <span class='ocrx_word' id='word_1_233' title='bbox 698 4068 843 4167; x_wconf 65' lang='lat' dir='ltr'><strong>molles,</strong></span> <span class='ocrx_word' id='word_1_234' title='bbox 866 4069 995 4149; x_wconf 84' lang='lat' dir='ltr'><strong>lotium</strong></span> <span class='ocrx_word' id='word_1_235' title='bbox 1019 4072 1223 4173; x_wconf 89' lang='lat' dir='ltr'><strong>limpidum,</strong></span> <span class='ocrx_word' id='word_1_236' title='bbox 1254 4071 1469 4167; x_wconf 89' lang='lat' dir='ltr'><strong>inodorum,</strong></span> 
     </span>
     <span class='ocr_line' id='line_1_34' title="bbox 356 4187 1470 4292; baseline 0.004 -32"><span class='ocrx_word' id='word_1_237' title='bbox 356 4211 398 4260; x_wconf 89' lang='lat' dir='ltr'><strong>ac</strong></span> <span class='ocrx_word' id='word_1_238' title='bbox 424 4187 495 4258; x_wconf 85' lang='lat' dir='ltr'><strong>iere</strong></span> <span class='ocrx_word' id='word_1_239' title='bbox 519 4187 726 4287; x_wconf 89' lang='lat' dir='ltr'><strong>insipidum,</strong></span> <span class='ocrx_word' id='word_1_240' title='bbox 750 4191 984 4289; x_wconf 84' lang='lat' dir='ltr'><strong>quantitatem</strong></span> <span class='ocrx_word' id='word_1_241' title='bbox 1008 4191 1184 4292; x_wconf 87' lang='lat' dir='ltr'><strong>potulenti</strong></span> <span class='ocrx_word' id='word_1_242' title='bbox 1208 4191 1387 4286; x_wconf 66' lang='lat' dir='ltr'><strong>rlUnoiis</strong></span> <span class='ocrx_word' id='word_1_243' title='bbox 1411 4217 1470 4264; x_wconf 89' lang='lat' dir='ltr'><strong>su·</strong></span> 
     </span>
     <span class='ocr_line' id='line_1_35' title="bbox 356 4303 1469 4412; baseline 0.007 -38"><span class='ocrx_word' id='word_1_244' title='bbox 356 4304 518 4402; x_wconf 84' lang='lat' dir='ltr'><strong>paravit,</strong></span> <span class='ocrx_word' id='word_1_245' title='bbox 537 4303 746 4406; x_wconf 73' lang='lat' dir='ltr'><strong>¹arrtrlysique</strong></span> <span class='ocrx_word' id='word_1_246' title='bbox 772 4307 950 4383; x_wconf 73' lang='lat' dir='ltr'><strong>ellenrioae</strong></span> <span class='ocrx_word' id='word_1_247' title='bbox 974 4309 1173 4412; x_wconf 77' lang='lat' dir='ltr'><strong>subjectum</strong></span> <span class='ocrx_word' id='word_1_248' title='bbox 1197 4310 1385 4384; x_wconf 74' lang='lat' dir='ltr'><strong>mur-iatam</strong></span> <span class='ocrx_word' id='word_1_249' title='bbox 1408 4333 1469 4382; x_wconf 85' lang='lat' dir='ltr'><strong>so·</strong></span> 
     </span>
     <span class='ocr_line' id='line_1_36' title="bbox 357 4419 1468 4531; baseline 0.006 -35"><span class='ocrx_word' id='word_1_250' title='bbox 357 4419 423 4496; x_wconf 84' lang='lat' dir='ltr'><strong>dae</strong></span> <span class='ocrx_word' id='word_1_251' title='bbox 447 4432 484 4495; x_wconf 86' lang='lat' dir='ltr'><strong>et</strong></span> <span class='ocrx_word' id='word_1_252' title='bbox 507 4423 732 4526; x_wconf 73' lang='lat' dir='ltr'><strong>emmonim,</strong></span> <span class='ocrx_word' id='word_1_253' title='bbox 756 4451 821 4500; x_wconf 88' lang='lat' dir='ltr'><strong>ocu</strong></span> <span class='ocrx_word' id='word_1_254' title='bbox 846 4427 1051 4531; x_wconf 85' lang='lat' dir='ltr'><strong>praecipuas</strong></span> <span class='ocrx_word' id='word_1_255' title='bbox 1076 4441 1193 4531; x_wconf 88' lang='lat' dir='ltr'><strong>partes</strong></span> <span class='ocrx_word' id='word_1_256' title='bbox 1223 4425 1468 4504; x_wconf 82' lang='lat' dir='ltr'><strong>constitutivas</strong></span> 
     </span>
    </p>
   </div>
   <div class='ocr_carea' id='block_1_5' title="bbox 0 0 1640 5194">
    <p class='ocr_par' dir='ltr' id='par_1_6' title="bbox 0 0 1640 5194">
     <span class='ocr_line' id='line_1_37' title="bbox 0 0 1640 5194; baseline 0 0"><span class='ocrx_word' id='word_1_257' title='bbox 0 0 1640 5194; x_wconf 95' lang='lat' dir='ltr'><strong> </strong></span> 
     </span>
    </p>
   </div>
  </div>
 </body>
</html>
