3148 5170
330 359 410 552 ἐξ
433 473 745 580 progrediebatur,
772 443 815 554 ac
848 447 1136 584 desquamatione
1170 476 1282 554 omni
1328 487 1492 578 peracta

329 595 425 672 salus
456 596 595 672 redivit

293 773 295 780 ,
380 712 462 788 Non
487 714 688 812 ignoramus
713 714 880 814 equidem
905 715 1069 815 contagio
1092 711 1325 788 scarlatinae
1353 709 1402 782 id
1420 710 1492 809 pri-

331 857 419 906 vum
455 857 551 928 esse,
586 831 683 932 quod
716 833 900 934 systemati
934 857 1085 907 nervoso
1114 829 1294 906 lubenter
1326 827 1490 901 insidias

332 955 456 1046 struit,
486 968 592 1054 atqrm
629 953 667 1026 in
701 979 867 1054 processu
904 951 1234 1056 organico-plastico
1282 949 1487 1048 insignem

332 1072 450 1145 nisum
484 1070 532 1146 ad
574 1069 805 1173 liquationem
839 1070 1021 1174 producat
1057 1071 1306 1171 Compertnm
1353 1081 1486 1140 tamen

333 1191 504 1265 hahemus
534 1190 668 1266 hancce
698 1191 970 1294 propensionem
1004 1189 1259 1264 clandestinam
1302 1186 1381 1260 vix
1399 1174 1484 1257 'nn-

333 1333 442 1409 quam
467 1321 548 1382 actu
573 1333 827 1410 prorumpere,
849 1309 917 1382 nisi
934 1307 1162 1410 particulares
1178 1306 1482 1410 patrocinentur

334 1425 627 1499 circumstantiae.
652 1423 783 1501 Nostro
807 1429 846 1500 in
872 1452 955 1501 casu
985 1424 1179 1501 anomaliae
1211 1424 1417 1497 rationem
1442 1421 1478 1491 in

334 1541 529 1642 cpidcmica
554 1543 805 1618 constitutione
828 1569 996 1646 quaerere
1020 1571 1094 1620 non
1118 1541 1329 1645 displicuit,
1360 1563 1478 1640 qrme,

334 1660 388 1732 uti
413 1685 518 1760 supra
544 1659 746 1758 innuimus,
771 1663 907 1748 cunctis
933 1659 1088 1746 febribus
1105 1657 1336 1734 malitiosum
1355 1653 1474 1758 quod·

335 1777 420 1851 dam
455 1780 635 1878 ingenium
673 1781 858 1881 impressit.
896 1782 1100 1856 Universim
1137 1795 1248 1854 aestas
1289 1793 1338 1852 et
1379 1799 1469 1850 zona

334 1899 467 1974 torrida
493 1901 678 2000 perniciosi
705 1927 779 1976 esse
809 1899 925 1977 solent
959 1901 1167 1977 morbomm
1203 1913 1412 1973 acutorum
1437 1907 1469 1966 et
1555 1947 1557 1951 ψ

335 2017 620 2114 contagiosorum
653 2017 836 2115 advocati,
869 2017 965 2094 unde
1002 2024 1079 2120 jure
1113 2019 1316 2118 meritoque
1346 2010 1465 2088 adseri

336 2147 472 2235 potest,
507 2135 648 2207 easdem
683 2119 922 2234 conditiones,
957 2146 1047 2238 qu‘ae
1077 2161 1283 2237 processum
1311 2129 1465 2208 vitalem

337 2253 383 2329 ad
408 2280 587 2326 summum
621 2253 778 2329 evehunt
810 2255 1035 2356 perfectionis
1060 2253 1225 2354 culmen,
1258 2252 1460 2328 effiaemu

338 2375 393 2448 sui
418 2385 591 2476 potestate
616 2398 783 2476 persaepe
809 2376 954 2450 exitium
978 2401 1111 2480 parare.

765 2633 871 2685 ttoltst
888 2633 1077 2685 SPORADlCl·

388 2845 596 2948 Complures
621 2844 690 2922 boc
715 2873 836 2922 mense
861 2847 908 2924 ad
931 2873 998 2924 nos
1036 2839 1323 2950 deportabantur
1351 2841 1450 2920 femi·

337 2989 425 3063 nae,
449 2969 593 3039 uterinis
616 2965 718 3039 scobs
742 2963 971 3042 conflictaue.
994 2967 1281 3041 Catameniorum
1310 2968 1451 3038 anoma-
1570 2995 1571 3042 t

338 3081 407 3156 liae
447 3083 707 3184 refrigeratione
742 3083 888 3160 humida
911 3083 1045 3188 pedum
1080 3083 1138 3161 vel
1172 3081 1390 3178 abdominis,
1413 3088 1450 3150 ut
1570 3161 1571 3172 χ

337 3197 378 3272 ἱιι
402 3197 585 3274 lotricibus
610 3201 741 3302 passim
765 3201 915 3300 accidit,
939 3201 1126 3300 inductae,
1161 3181 1447 3304 partim'ineml·
1570 3301 1571 3308 ἵ

334 3319 415 3418 gia-5
424 3369 440 3406 ,
463 3319 707 3413 concitarunt,
730 3320 861 3422 partim
886 3319 973 3422 leves
996 3319 1184 3394 muudus
1194 3371 1209 3411 ,
1243 3315 1303 3394 vel
1335 3316 1447 3403 dicem

291 3453 295 3462 ·
338 3435 458 3536 potius
484 3437 575 3510 uteri
598 3433 849 3538 symphoroses.
874 3437 973 3512 Duae
998 3437 1163 3512 mulieres
1180 3447 1202 3538 ,·
1215 3456 1306 3538 quae
1335 3439 1444 3536 jama

339 3551 490 3653 longiori
515 3569 674 3656 tempore
710 3558 866 3632 matricis
903 3558 1193 3656 indurationem,
1221 3555 1442 3649 leucorrhoe2

340 3673 544 3746 comitatam
568 3672 714 3773 impune
738 3671 917 3771 ferebant,
942 3675 1124 3750 dirissimis
1149 3673 1298 3749 eandem
1323 3672 1370 3748 ob
1392 3693 1441 3743 ra·

338 3787 473 3862 tionem
502 3789 755 3866 exercebantur
790 3793 1026 3891 cruciatibus,
1059 3791 1104 3867 ab
1139 3792 1368 3895 hypogastrio
1402 3781 1441 3860 ad

338 3905 479 3982 lumbos
503 3933 615 4008 usqne
640 3909 822 4010 protensis.
849 3909 921 3985 Sub
947 3937 1014 3986 usu
1030 3909 1268 3986 remediorum
1290 3929 1444 4009 eccopro-
1552 3899 1554 3905 ’

338 4026 510 4121 ticorum,
535 4025 826 4129 cataplasmatum
857 4027 1139 4128 emollientium,
1170 4027 1229 4104 vel
1262 4027 1441 4130 pulverum

338 4141 675 4242 paregoricorum,si
688 4144 803 4218 omnis
820 4149 892 4247 jam
905 4147 1050 4221 evanuit
1065 4144 1355 4224 inflammatoriae
1372 4163 1444 4217 con·

339 4263 482 4346 ditiouis
506 4265 680 4367 suspicio,
704 4263 843 4340 dolores
880 4265 932 4342 illi
967 4267 1224 4342 conticuerunt
1261 4263 1442 4338 Residuum

339 4377 532 4475 scleroma,
573 4381 771 4456 obstetricis
796 4407 904 4480 manu
936 4385 1205 4482 confirmatum,
1229 4381 1381 4478 balneis,
1413 4389 1441 4450 et
1534 4407 1545 4432 ν

341 4493 562 4572 frictionibus
597 4499 862 4578 Mercurialibus
899 4507 995 4604 juxta
1033 4503 1177 4605 inguina
1209 4517 1245 4577 et
1278 4503 1442 4578 internam
1562 4487 1563 4508 ¹
