3228 5166
310 377 360 454 58

308 507 418 600 quare
443 483 491 572 eis
516 497 562 572 tle
586 497 755 574 industria
781 497 1011 602 supersedeo,
1041 500 1284 602 opportuniori
1314 525 1413 574 occa·

308 617 407 690 sione
431 617 468 688 in
492 616 649 690 medium
673 617 899 718 proferendis.

349 735 401 806 'In
417 733 622 808 morborum
638 736 902 809 nomenclatura
922 737 1112 810 maximam
1131 737 1413 840 circunspectio-

307 872 391 922 nem
416 850 601 926 obserrare
626 853 832 948 studemus,
855 877 901 926 ne
924 851 1125 927 nominibus
1154 855 1282 956 ineptis
1317 879 1413 927 erro·

307 993 393 1042 neos
418 970 608 1068 excitemus
633 985 844 1072 conceptus,
872 995 1041 1045 eorumve
1072 971 1207 1072 copulis
1237 971 1416 1066 absurdis,

307 1077 370 1158 stit
404 1083 497 1158 falsis
532 1071 765 1189 etjrmologiis'
783 1087 1025 1186 grammatices
1049 1087 1107 1162 rel
1131 1087 1258 1186 logices
1281 1088 1414 1189 prinei-

307 1205 367 1304 pia
405 1201 594 1278 laedamus.
629 1204 790 1302 Nomen,
822 1217 995 1305 qnatenus
1026 1202 1173 1304 objecti
1189 1203 1416 1278 simulacrum

308 1322 510 1417 constituit,
547 1323 613 1394 nisi
647 1322 881 1422 adaequatum
919 1321 1218 1416 lirerit,lacillime
1242 1321 1294 1394 rei
1308 1319 1413 1397 iutel-

307 1439 440 1512 leetnm
465 1439 673 1536 confundit,
695 1439 884 1542 pervertit,
908 1439 1011 1514 delet
1027 1439 1325 1513 -Praedileetae
1354 1463 1418 1510 no-

307 1555 361 1628 bis
386 1579 490 1632 voces
514 1572 599 1631 sunt
622 1557 724 1655 illae,
748 1583 838 1659 quae
861 1557 991 1632 claram
1015 1583 1133 1632 rerum
1157 1557 1273 1630 ideam
1297 1557 1415 1657 expri-

309 1687 439 1768 munt,
481 1689 516 1748 et
552 1702 642 1776 quae
685 1673 846 1778 inprimis
880 1701 987 1776 supra
1032 1687 1171 1748 notetus
1211 1674 1416 1772 diagrroseos

308 1791 468 1867 cardines
505 1791 552 1868 ad
595 1821 748 1895 unguem
790 1795 974 1892 indicant,
1002 1793 1182 1868 videlicet:
1219 1793 1418 1894 passionem

309 1913 597 2014 praevalentem,
635 1913 853 1990 functionem
892 1913 950 1990 rel
986 1913 1191 2016 qualitatem
1232 1911 1419 2012 organismi

309 2029 512 2103 sensibilem
537 2059 557 2105 a
588 2057 712 2106 norma
750 2031 992 2128 aberrantem,
1032 2030 1161 2106 morbi
1181 2029 1420 2124 substratum,

310 2171 431 2223 causas
467 2149 678 2248 efficientes,
711 2149 769 2226 rel
805 2150 1001 2224 essentiam.
1040 2150 1238 2223 Inreterata
1273 2171 1419 2222 cmsue-

309 2269 398 2344 tudo
434 2283 471 2342 et
508 2273 694 2346 auctoritas
729 2283 988 2345 antecessorum
1024 2265 1235 2370 quibusdam
1270 2267 1420 2342 nomini-

312 2387 380 2460 bus
411 2389 682 2462 exterminandis
715 2388 854 2486 obstat3
882 2410 1106 2489 nequaquam
1140 2412 1226 2462 vero
1256 2385 1421 2459 ridiculas

313 2522 351 2581 et
374 2507 498 2582 rationi
526 2507 688 2582 adversas
712 2531 841 2582 vocum
872 2507 1154 2607 conjunctiones,
1177 2531 1268 2607 quae
1292 2517 1420 2578 teretes

311 2624 414 2698 facile
453 2621 639 2698 oll'endunt
675 2651 806 2722 aures,
843 2625 975 2697 evitare
1014 2635 1142 2720 vetat,
1176 2624 1230 2696 uti
1272 2635 1419 2696 essent:

309 2740 554 2843 ophthabnitis
590 2741 793 2837 arthritica,
827 2740 937 2816 colim
972 2739 1152 2842 hepatiten,
1187 2737 1419 2814 inflammatio

308 2859 507 2954 armenica,
533 2858 703 2960 paralysis
728 2859 1023 2960 hyperstbenica,¹
1041 2859 1195 2959 spinitis,
1219 2871 1421 2958 mentagre,

309 2991 375 3051 etc.
406 3018 457 3034 --
490 2977 644 3052 Vastitas
684 2978 851 3052 scientiae
882 2976 1040 3051 medicae
1081 2977 1193 3051 indies
1235 3001 1421 3072 crescens,

310 3109 417 3195 atque
454 3114 566 3170 noros
608 3111 799 3196 conceptum
816 3093 1052 3197 'exprimendi
1086 3096 1294 3194 necessitas,
1327 3119 1420 3170 nora

310 3237 416 3312 saepe
440 3235 560 3286 creare
594 3213 693 3314 jubet
727 3217 894 3310 nomina,
927 3213 1058 3316 quibus
1093 3213 1260 3288 idiomate
1297 3239 1422 3316 graeco

310 3329 449 3404 nullum
474 3333 583 3428 magis
608 3332 783 3407 satisfacit.
808 3352 865 3390 -'
882 3333 939 3406 Ex
961 3335 1116 3435 pariete,
1145 3335 1203 3411 eui
1236 3359 1419 3434 aegrorum

310 3448 432 3522 lectuli
456 3449 675 3544 innituntur,
697 3450 855 3551 pendant
878 3451 1018 3526 tabulae
1043 3453 1195 3552 ligneae,
1225 3455 1328 3554 nigro
1354 3455 1421 3526 una

310 3581 387 3642 ctae
412 3566 551 3665 colore,
576 3568 704 3670 quibus
727 3553 872 3644 morbus
898 3585 994 3646 creta
1017 3572 1228 3648 inscribitur.

356 3689 528 3762 Discurris
553 3691 688 3763 eunctis
718 3693 933 3788 momentis,
963 3717 1053 3792 quse
1087 3691 1203 3769 morbi
1238 3691 1420 3791 diagnosin

306 3817 344 3882 et
366 3819 499 3882 rectam
522 3803 845 3884 denominationem
868 3823 1049 3912 spectant,
1064 3806 1112 3884 ad
1127 3809 1278 3885 alterum
1296 3810 1423 3883 transi·

312 3951 392 4000 mus
428 3924 574 3999 clinicae
598 3927 838 4002 encheireseos
873 3912 1029 4002 cilicium
1042 3976 1056 4023 ·,
1090 3929 1222 4030 quippe
1253 3927 1299 4002 ad
1331 3953 1418 4000 eno·

306 4041 461 4120 dandam
496 4041 754 4142 nosuzolcgiam
787 4047 967 4141 (vocale,
1003 4060 1185 4145 aegrotum
1218 4044 1358 4138 reddo)
1382 4057 1419 4117 et

305 4165 552 4260 nosogem'um,
575 4164 650 4236 sive
665 4163 781 4237 morbi
798 4164 967 4262 originem
984 4179 1021 4238 et
1037 4165 1177 4264 originis
1194 4163 1352 4239 modum.
1369 4203 1421 4221 --

306 4279 498 4381 Dispositio
534 4283 655 4380 aegri,
695 4281 824 4354 atrium
859 4280 976 4356 morbi
993 4313 1019 4378 ,=
1043 4307 1168 4356 musae
1200 4281 1421 4374 efficientes,

294 4395 500 4500 *meumque
516 4423 631 4500 super
647 4399 883 4499 organismum
899 4400 1023 4477 rivum
1039 4399 1164 4502 agendi
1187 4401 1297 4499 ratio,
1321 4423 1422 4503 prae·
