3228 5166
1283 397 1331 472 85

223 529 403 614 crescunt,
427 517 563 617 vigent,
586 506 814 615 decrescunt,
851 545 892 594 ae
922 517 1134 596 subintrantl
1170 517 1331 596 dominio

222 631 342 709 locum
365 631 518 731 cedunt,
541 636 710 737 copulant
733 638 840 736 igitur
869 637 985 714 ideam
1019 652 1156 714 neonem
1186 681 1237 694 -
1261 635 1334 734 illi,

222 753 269 828 ad
292 754 447 855 spatium
471 754 601 850 vincti,
629 755 806 828 immutati
835 755 1046 854 persistunt,
1074 753 1142 826 nisi
1172 751 1335 826 acciden·
1418 834 1420 840 ,

224 873 310 948 tales
335 875 373 945 iu
398 873 569 948 materiali
593 873 772 948 substrato
803 872 941 948 telluris
976 873 1183 972 contingant
1214 885 1335 950 ,muta-

224 993 362 1089 tiones,
397 991 529 1093 talique
569 993 705 1067 ratione
747 997 877 1094 quictis
917 989 1122 1092 symbolum
1161 989 1337 1062 exhibent

224 1109 314 1184 Inde
350 1103 612 1210 quodammodo
649 1109 796 1210 intelligi
830 1111 992 1210 poterit,
1027 1134 1092 1182 cur
1120 1105 1237 1182 morbi
1267 1107 1338 1208 epi-

224 1225 372 1320 demici,
396 1225 570 1322 chronici,
593 1253 656 1300 seu
682 1225 893 1328 temporales
920 1251 1061 1326 semper
1089 1225 1204 1322 acuti,
1227 1225 1339 1300 varie-

224 1343 335 1439 biles,
358 1342 527 1444 rhytmici
552 1357 588 1418 et
613 1343 753 1418 sehr-iles
778 1345 868 1441 sirit,
884 1345 922 1418 iu
944 1343 1073 1444 quibus
1094 1356 1213 1418 motus
1236 1367 1338 1443 orga-

222 1460 324 1532 nicus
349 1457 509 1560 (sphaera
535 1457 742 1562 dynamica)
766 1486 831 1562 per
856 1462 1083 1536 eminentiam
1106 1462 1261 1564 paritur,
1287 1501 1339 1518 -·
1462 1501 1465 1510 ·

224 1593 261 1652 et
285 1606 350 1654 cur
373 1605 417 1655 err
440 1580 590 1657 adverso
614 1581 732 1656 morbi
757 1581 951 1678 endemici,
975 1581 1105 1684 topici,
1120 1608 1183 1656 seu
1207 1582 1338 1683 spotia·

223 1696 275 1771 les
299 1697 491 1772 decursum
515 1713 660 1774 teneant
684 1699 886 1795 diutinum,
901 1699 1135 1796 uniformem,
1156 1699 1340 1800 atypicum

224 1830 263 1890 et
277 1817 521 1917 apyreticum,
536 1817 644 1918 inque
657 1817 976 1894 officina'materiae
994 1819 1176 1920 organicae
1188 1815 1338 1920 (spirae-

226 1960 266 2010 ra
291 1937 488 2029 somatica)
512 1935 723 2038 plerumque
747 1937 882 2012 radices
907 1939 1025 2038 figant

275 2053 490 2157 Complexus
513 2057 676 2132 omnium
698 2058 1065 2151 circumstantiarum,
1093 2080 1184 2157 quae
1221 2079 1337 2156 popu-

224 2173 314 2249 lares
353 2174 496 2250 morbos
531 2175 679 2276 gignunt
712 2189 749 2250 et
782 2177 926 2273 fovent,
961 2189 1111 2250 vocetur
1133 2178 1339 2248 consumtis

223 2292 419 2394 epilenriea.
437 2293 534 2366 Haec
559 2298 656 2395 juxta
680 2293 871 2368 discrimen
886 2289 993 2394 paulo
1009 2305 1091 2366 ante
1107 2288 1336 2390 explanatum

223 2411 264 2484 iu
287 2415 439 2512 topicam
451 2464 466 2504 ,
490 2409 665 2502 locam,
689 2437 752 2485 seu
776 2415 962 2503 statuam,
991 2411 1090 2485 etin
1114 2405 1341 2499 chranum,

224 2529 470 2630 ternporalem,
503 2555 566 2604 seu
607 2527 769 2604 mobilem
815 2528 993 2605 dilabitur.
1027 2571 1080 2586 -
1109 2526 1340 2628 Quamquam

223 2645 322 2746 prior
347 2672 368 2720 a
392 2645 534 2722 elimate
558 2647 811 2750 geographico,
835 2645 894 2722 rel
917 2645 1088 2747 physico,
1118 2643 1268 2746 proinde
1293 2640 1339 2716 ab

222 2763 414 2841 influxibus
439 2765 629 2864 telluricis,
652 2767 761 2840 altera
786 2791 807 2839 a
832 2767 999 2867 potentiis
1023 2764 1185 2838 cosmicis
1205 2761 1339 2836 altioris

222 2882 358 2956 ordinis
389 2882 663 2978 determinetur,
699 2897 849 2982 utraque
880 2895 1000 2956 tamen
1030 2883 1069 2954 in
1094 2878 1340 2980 atmosphaera

224 2999 423 3099 principem
448 2999 607 3099 agnoscit
636 2999 793 3094 sontem,
828 2997 916 3072 haee
946 2998 1043 3070 enim
1067 2995 1225 3070 medium
1249 2996 1341 3068 sistit

224 3116 444 3214 universale,
468 3115 569 3219 quod
591 3119 684 3190 inter
707 3115 871 3191 tellurem
905 3130 943 3191 et
978 3139 1260 3190 macrocosmum
1282 3116 1338 3188 in-

225 3233 396 3334 tercedit,
419 3261 461 3308 ae
485 3249 647 3310 mucram
663 3236 813 3309 sustinet
828 3232 1045 3310 relationem
1060 3231 1205 3308 Vanum
1219 3233 1339 3335 itaque

224 3355 317 3430 l'oret
341 3369 522 3430 tentamen
546 3357 718 3460 quodvis,
745 3381 827 3430 eum
862 3357 901 3430 in
931 3355 1038 3428 finem
1072 3353 1270 3451 directum,
1294 3365 1337 3427 ut

224 3475 484 3549 constitutionis
502 3473 717 3576 epidemieae
732 3475 930 3550 innotescat
945 3473 1146 3572 ingenium,
1160 3471 1228 3545 nisi
1243 3497 1339 3544 sum-

223 3614 283 3664 ma
308 3591 346 3664 in
375 3590 585 3666 multifarias
622 3589 888 3694 atmosphaerae
916 3589 1136 3665 conditiones
1166 3589 1338 3689 dirigitur

223 3709 391 3786 adtentio.
414 3711 613 3814 Eapropter
642 3737 728 3788 vero
761 3709 989 3812 negligendae
1023 3734 1097 3782 non
1118 3721 1220 3781 sunt
1243 3733 1339 3782 com-

224 3828 345 3930 plures
370 3829 458 3904 aliae
483 3831 651 3932 injuriae,
676 3829 889 3932 quibuscum
913 3829 1051 3904 bomini
1074 3841 1247 3929 perpetuo
1263 3823 1339 3898 col·

223 3943 458 4048 Iucundum,
482 3951 535 4023 nti
559 3964 677 4024 essent
701 3948 889 4045 alimenta,
923 3961 1052 4050 potus,
1082 3947 1176 4022 vitae
1207 3969 1340 4044 genus,

222 4067 427 4167 opificium,
450 4065 686 4164 calamitates,
710 4081 775 4141 ete.
801 4052 892 4168 qnae
917 4090 1041 4140 omues
1076 4077 1140 4138 aut
1165 4059 1341 4162 singulae,

222 4185 371 4256 seorsim
395 4199 458 4258 aut
482 4175 700 4286 conjunctim
725 4197 924 4286 spectatae,
947 4184 977 4256 si
994 4195 1132 4257 certum
1148 4177 1340 4282 quemdam

222 4300 461 4376 universitatis
486 4301 634 4402 gmdnm
659 4299 861 4402 adtingunt,
887 4299 988 4376 facile
1012 4304 1184 4401 mojorem
1215 4295 1339 4400 poan

223 4433 363 4520 partem
397 4421 435 4493 in
465 4419 582 4494 morbi
610 4419 799 4494 discrimen
836 4421 1037 4526 projiciunt.
1074 4417 1203 4520 Suapte
1227 4415 1340 4518 liquet

222 4549 371 4635 sponte,
394 4535 562 4614 ruricolas
585 4563 670 4643 prae
687 4536 822 4616 civibus
840 4535 983 4614 urbanis
1000 4533 1207 4620 morborum
1222 4533 1340 4639 epidu-
