3252 5166
319 367 391 460 Ιιὸιὶ

315 479 522 559 vindiorem
568 511 733 560 vasorum
770 489 988 560 'reactionem
1027 511 1068 560 sa
1110 489 1244 560 ratione
1283 501 1425 560 auctam

314 595 446 698 luisse,
469 627 539 702 qua
563 603 702 702 sanguis
726 603 835 702 magis
859 601 1033 702 oxydatus
1056 615 1093 676 et
1115 601 1282 704 plastiom
1297 617 1425 705 poten-

313 720 439 794 tiorem
462 720 621 795 exhibuit
643 719 834 794 sumulum
858 722 1009 820 Egomet
1032 721 1130 820 ipse,
1153 721 1302 794 antelsac
1327 718 1419 794 nulli

206 929 211 938 ¹
313 834 449 933 cordis,
472 849 534 912 aut
557 861 723 912 vasonum
747 838 898 939 passioni
922 835 1115 936 obnoxius,
1138 840 1283 914 ineunte
1297 864 1421 914 mense

312 949 505 1027 Februario
528 955 613 1026 amsi
643 955 762 1050 1818,
785 955 847 1054 qui
871 953 940 1028 fuit
963 953 1097 1054 primus
1128 979 1228 1028 meae
1262 981 1419 1030 eommo-

312 1069 457 1151 rasonis
482 1069 624 1168 Ticini,
648 1069 833 1145 molestam
861 1071 1112 1171 persentiscere
1145 1073 1267 1172 occepi
1301 1071 1419 1172 pulsa-

314 1187 447 1263 tionem
470 1189 508 1262 in
532 1185 696 1264 omrubus
720 1189 829 1286 vasis,
845 1203 881 1264 et
896 1190 1102 1290 praesertim
1118 1195 1214 1290 juxta
1231 1191 1420 1266 decursum

313 1319 458 1404 sartae,
481 1305 578 1408 quod
601 1306 868 1382 incommodum
892 1306 1078 1409 adpetente
1102 1321 1233 1382 aestate
1249 1309 1359 1382 ferme
1375 1335 1419 1384 ex

312 1422 449 1526 integro
472 1427 635 1524 evanuit,
650 1426 954 1528 adpropinquante
979 1427 1107 1529 hyeme
1131 1427 1249 1504 denuo
1272 1428 1422 1528 redivit,

313 1544 422 1618 etita
446 1569 512 1646 per
535 1542 735 1648 complures
759 1570 890 1641 annos,
918 1543 1031 1619 donec
1062 1547 1200 1646 peniteas
1226 1548 1419 1620 cessaverit

313 1661 492 1736 Hactenus
517 1657 566 1760 de¹
586 1659 774 1736 momentis
785 1665 1028 1770 prutguraears
1050 1662 1365 1762 angiostheniarum
1382 1677 1420 1736 et

316 1789 605 1882 anevry'smatum
628 1776 721 1854 inter
743 1803 809 1854 nos
834 1779 1108 1856 observatorum.

361 1893 468 1988 Quod
492 1907 672 1970 momenta
696 1895 955 1995 occasionalis,
988 1897 1063 1972 sive
1087 1921 1208 1970 causas
1232 1893 1414 2000 ffsieata

311 2011 466 2110 munet,
489 2011 572 2088 data
596 2009 825 2116 dispositione
849 2011 1013 2092 morbum
1037 2027 1137 2088 tauto
1171 2013 1307 2086 facibus
1336 2039 1418 2114 pro·

311 2133 450 2230 gignere
474 2129 653 2227 valentes,
675 2133 902 2232 praecipuam
927 2129 1081 2205 oriminis
1097 2130 1238 2232 culpam
1254 2127 1418 2206 babuisse
1450 2225 1453 2230 Ι

310 2247 495 2325 videntur:
511 2245 712 2348 pathemata
729 2247 932 2346 excitantia,
952 2245 1211 2325 effervescentia
1230 2247 1418 2346 iracunda,

311 2359 487 2442 undose
512 2361 663 2467 cupido,
686 2367 824 2439 arumus
848 2365 988 2440 sceleris
1012 2365 1224 2441 couscientia
1248 2367 1418 2440 contium
1444 2431 1450 2440 .

313 2479 491 2581 agitatus,
514 2495 628 2560 terror
651 2481 765 2582 gravis
795 2495 832 2557 et
865 2483 1063 2584 repetitus,
1091 2483 1206 2556 trunci
1237 2479 1419 2578 inclinatio

313 2597 481 2680 diuturna
520 2595 588 2672 sub
625 2597 805 2676 evulsione
844 2601 1017 2696 zizaniae,
1054 2599 1198 2700 aliisque
1237 2599 1416 2676 laboribus

310 2716 523 2818 agrestibus,
546 2717 605 2794 vel
628 2719 797 2821 opificiis,
821 2717 950 2794 abusus
975 2721 1048 2797 vini
1072 2721 1164 2794 male
1194 2719 1418 2817 fermentati,
1451 2783 1458 2792 .

311 2837 458 2910 maoeria
498 2835 688 2915 emactiva
723 2851 760 2913 et
796 2835 1033 2938 adstringente
1066 2835 1213 2938 diutia,
1252 2837 1416 2940 crapulae

309 2949 531 3056 loquentes,
564 2965 673 3030 stases
708 2955 747 3030 in
780 2969 970 3057 systemate
1005 2979 1137 3034 venoso
1174 2954 1417 3054 abdominali3
1454 3029 1459 3040 ,

309 3075 558 3173 menischesis3
582 3073 652 3151 alvi
676 3075 837 3177 segnities
862 3089 899 3150 et
922 3077 1023 3149 nixus
1047 3073 1094 3158 ad
1117 3073 1240 3151 sellam
1263 3075 1419 3175 perfora·¹
1451 3149 1453 3154 ,

311 3205 393 3268 tam.
417 3193 552 3276 Eorum
576 3193 773 3290 nonnulla,
796 3192 1065 3268 irriubilitatem
1090 3189 1293 3267 artariosam
1332 3193 1418 3266 euti·

310 3309 499 3410 mulando,
531 3312 736 3411 sanguinem
772 3313 969 3412 impetuose
1000 3337 1019 3384 e
1055 3309 1161 3384 corde
1186 3333 1307 3386 versus
1333 3335 1417 3384 vasa

310 3434 445 3531 majora
469 3443 621 3531 urgent,
645 3429 711 3504 ulia
737 3430 940 3506 ulteriorem
973 3456 995 3503 a
1029 3430 1120 3504 vasis
1154 3427 1345 3530 majeribus
1370 3425 1416 3502 ad

310 3548 448 3622 minora
482 3553 662 3648 (quorum
698 3563 817 3622 umen
851 3547 956 3628 simul
990 3561 1187 3622 sumtorum
1217 3551 1330 3646 major
1363 3559 1417 3620 est

310 3665 513 3766 capacitas)
537 3667 796 3766 promotionem
819 3663 1025 3766 impediunt
1050 3665 1172 3738 Anubis
1201 3688 1416 3738 concurren-

310 3781 404 3856 tibus
429 3793 527 3855 tanto
551 3782 678 3856 certior
702 3783 770 3858 erit
803 3781 973 3878 effectus,
1009 3807 1116 3883 mem
1149 3779 1286 3854 sublata
1322 3781 1417 3860 inter

309 3897 441 3976 molam
477 3899 654 3998 sanguinis
684 3915 721 3975 et
754 3901 936 3977 alveorum
970 3902 1199 4002 capacitatem
1236 3899 1418 4000 proportio

309 4019 503 4093 necessario
527 4015 721 4118 producat,
745 4033 893 4120 oportet.
924 4021 1027 4092 Aetas
1058 4019 1096 4092 in
1132 4015 1274 4091 mor-bos
1302 4029 1415 4116 syste-

309 4137 412 4210 matis
429 4135 635 4231 'irritabilis,
659 4161 700 4208 ac
724 4137 872 4236 proinde
888 4137 994 4212 etiam
1010 4139 1048 4210 in
1065 4135 1149 4211 vitia
1165 4131 1416 4236 praecordialia

309 4265 346 4326 et
369 4253 526 4351 angioses
551 4251 751 4354 aar’s'ioxsls
776 4281 906 4357 prona,
922 4269 975 4328 est
1000 4253 1058 4330 illa
1081 4255 1173 4326 inter
1189 4251 1413 4353 pubertatem

310 4384 346 4443 et
369 4385 544 4444 maturam
569 4373 778 4447 virilitatem.
803 4373 845 4446 ln
870 4372 1076 4446 diversitate
1095 4395 1196 4445 sexus
1225 4369 1415 4472 particula

309 4469 386 4560 reni
410 4485 675 4592 dispositionem
700 4492 850 4596 reperire
876 4491 1106 4598 nequivimus
