3148 5170
364 363 436 464 278

360 475 484 550 abraso
509 475 630 576 ln'gida
655 473 869 578 epithemata
885 473 1138 574 admoventem
1163 501 1242 578 pro
1260 474 1399 549 interno
1414 499 1466 546 usu
1525 539 1526 544 ,

360 597 490 672 solutio
508 596 618 670 salina
636 623 718 669 cum
736 595 886 670 Tartaro
901 595 1064 692 stiblato,
1079 611 1116 669 et
1131 597 1313 697 potiones
1331 591 1467 667 acidulae

361 715 564 816 seliguntur.
581 761 631 772 -
646 717 716 792 Per
739 713 857 816 plures
882 714 957 790 dies
982 715 1069 790 baec
1093 713 1277 792 medendi
1303 713 1468 787 methodus
1520 794 1521 820 χ

360 851 571 936 usurpatur,
604 825 718 908 dosim
750 833 889 906 Tartari
914 835 1053 908 emetici
1083 833 1255 934 quotidie
1283 858 1360 906 uno
1384 857 1469 930 grano

362 952 542 1050 augendo,
566 951 652 1050 quin
676 949 735 1024 vel
759 951 948 1024 minimum
979 951 1147 1052 adpareat
1184 948 1469 1024 emolumentum

361 1071 442 1142 Duo
477 1067 664 1142 resicantia
703 1065 748 1138 ad
786 1087 908 1168 suras,
941 1079 1048 1167 atque
1079 1067 1232 1142 tertium
1260 1065 1314 1139 ad
1338 1063 1471 1136 nucbam

361 1195 492 1287 pariter
515 1183 566 1258 nil
592 1185 668 1284 opis
696 1183 820 1256 serunt
837 1185 903 1256 Dic
926 1182 978 1256 15.
996 1181 1110 1257 morbi
1125 1183 1305 1284 placatur
1329 1177 1470 1255 delirium

362 1305 482 1399 ferox,
504 1317 541 1375 et
565 1303 730 1401 agitatio,
763 1315 923 1374 remanet
957 1316 1077 1375 tamen
1100 1327 1224 1401 nugax
1251 1298 1471 1400 desipientia,

361 1435 480 1492 mente
504 1419 650 1491 infinitis
675 1440 717 1490 ac
741 1419 838 1492 omni
865 1418 937 1492 fere
961 1433 1143 1494 momento
1168 1419 1328 1496 variatis
1344 1415 1470 1520 objectu

361 1535 481 1610 delusa
492 1562 504 1634 5
527 1537 643 1608 mania
669 1537 788 1635 itaque
804 1537 842 1609 in
858 1541 1004 1609 utorium
1020 1560 1202 1612 conversa.
1221 1539 1348 1637 Aeger
1368 1534 1468 1607 decen
1526 1575 1528 1628 5

361 1677 467 1753 gram
505 1653 643 1726 Tartari
680 1653 811 1726 stibiati
846 1655 922 1725 sine
953 1652 1121 1728 vomendi
1145 1669 1288 1729 conatu
1316 1649 1470 1740 absumit,
1526 1695 1528 1746 ἑ

363 1777 507 1874 insuper
532 1773 710 1845 frictiones
736 1799 819 1846 cum
844 1773 969 1846 eodem
994 1773 1187 1874 pharmaco
1215 1781 1325 1877 juxta
1350 1771 1466 1872 spinam

360 1891 456 1964 dorsi
480 1887 554 1962 ficri
582 1887 756 1990 jubentur.
773 1933 824 1946 -
846 1891 912 1963 Die
943 1890 995 1964 13.
1020 1894 1171 1990 mensis,
1194 1917 1298 1994 quae
1325 1902 1399 1964 erat
1425 1908 1466 1982 ¹9·

362 2004 495 2102 morbi,
518 2004 694 2106 placidam
719 2019 871 2081 mortem
906 2008 1052 2110 oppetit

747 2255 869 2316 ΒῈΕΤῘΟ
895 2257 1091 2318 GAMVKRIE.

411 2467 514 2549 Dura
532 2465 676 2547 menimt
710 2473 846 2548 osdbus
881 2473 1054 2552 calvariae
1088 2471 1323 2582 pertinaciter
1351 2471 1460 2550 adbae

362 2612 468 2690 rens,
500 2593 559 2693 pia
593 2606 707 2665 mater
741 2593 910 2693 sanguine
935 2596 1095 2696 turgida,
1118 2597 1212 2671 inter
1237 2587 1459 2674 circumvolu-

363 2715 476 2788 tiones
511 2707 645 2784 cerebri
680 2709 797 2811 aliqua
832 2711 976 2812 coagula
1014 2713 1184 2816 lymphae
1220 2705 1460 2818 plasticae3i1¹

362 2827 567 2906 ventriculis
601 2827 804 2902 lateralibus
838 2829 977 2931 limpidi
1011 2833 1079 2905 sen'
1114 2833 1205 2907 duae
1243 2834 1372 2923 unciae
1395 2847 1459 2899 cum

362 2947 535 3044 dimidia·⁷
568 2971 658 3020 vena
689 2945 876 3044 basilaris,
911 2963 948 3022 et
984 2948 1107 3051 plexus
1143 2952 1328 3028 choroidei
1365 2943 1458 3022 multo

363 3066 531 3165 sanguine
556 3064 760 3162 scatebant,
784 3068 950 3141 materiae
975 3069 1199 3170 coagulabilis
1230 3065 1405 3174 particula
1425 3057 1460 3132 ad

363 3177 464 3255 basin
488 3182 608 3256 cranii.
633 3181 778 3286 Reliqua
805 3189 901 3286 juxta
925 3199 1072 3261 naturae
1088 3203 1300 3264 comuetum
1317 3183 1458 3263 ordinem

365 3297 518 3376 fuerunt.

835 3444 1008 3498 errcmsts.

415 3653 605 3747 Quomodo
628 3655 824 3733 levidenses
850 3687 891 3735 ac
916 3685 1013 3738 merc
1051 3666 1299 3743 immateriales
1330 3679 1459 3745 musae,

365 3771 552 3846 sidiutius
584 3793 834 3879 perseverant,
870 3782 1112 3860 incitationem
1146 3788 1291 3863 vitalem
1326 3781 1456 3861 exaltan

364 3888 533 3988 valeant,
566 3918 730 3994 praesens
767 3895 908 3972 abunde
943 3901 1085 3978 edocuit
1120 3927 1231 3980 casus.
1262 3885 1456 3981 &nuncia

366 4004 426 4080 illa
451 4009 580 4081 mentis
605 4010 754 4085 intentio
778 4013 815 4085 in
841 4019 992 4116 jurene,
1017 4043 1124 4121 quem
1149 4036 1275 4096 natura
1291 4047 1356 4125 pro
1370 4016 1456 4105 longe

367 4123 436 4199 alio
462 4125 555 4223 line,
580 4152 686 4226 quam
712 4155 777 4229 pro
803 4129 917 4205 altiori
941 4137 1087 4210 rationis
1116 4137 1255 4213 cultura
1284 4136 1453 4212 destinarese

365 4241 527 4340 ridetur,
543 4269 733 4344 perennem
750 4249 921 4323 sustinere
936 4253 1025 4353 juvit
1039 4253 1222 4356 enceplrali
1233 4256 1455 4331 erethismumr

367 4385 440 4458 quo
464 4363 580 4461 posito
606 4369 719 4465 major
742 4369 918 4468 sanguinis
944 4373 1044 4473 eopia
1069 4377 1248 4475 superiora
1273 4395 1388 4468 uersus
1407 4361 1453 4438 dt

368 4477 640 4578 terminabatur,
665 4495 830 4586 tantaque
855 4485 1071 4589 pedetentim
1101 4491 1357 4594 provocabatur
1383 4501 1452 4560 0⁰¹1·

1526 1915 1528 1932 l

1526 1957 1528 2004 l

1526 2007 1528 2058 l
