3252 5166
329 387 401 458 abo

323 529 388 606 per
420 501 648 576 eminentiam
685 497 907 595 intenditur,
946 495 1160 600 productum
1202 495 1442 590 morbosum,

324 621 422 722 quod
449 623 577 720 ipsum
621 618 766 692 rheuma
805 631 884 711 est,
918 641 1002 692 mox
1040 616 1190 690 lormam
1227 617 1441 716 algematis,

324 767 408 816 mox
432 766 510 814 eam
535 739 743 840 phlogoseos
769 737 999 838 adipiscitur,
1034 737 1086 809 uti
1115 741 1187 838 jam
1216 735 1300 809 alibi
1334 751 1440 809 nota-

325 862 441 934 vimus
458 889 477 954 3·
493 867 644 958 utroque
670 871 788 928 autem
813 856 851 926 in
876 873 959 926 casu
977 849 1180 953 specificam
1197 853 1263 926 sibi
1283 855 1441 928 vindicat

326 978 592 1070 characterem,
614 975 745 1074 partim
770 970 947 1046 substrato
971 971 1125 1066 adfecto,
1147 973 1277 1072 partim
1296 973 1440 1071 originis

327 1095 547 1200 particularis
572 1093 700 1166 rationi
725 1092 763 1164 in
789 1089 940 1190 acceptis
966 1086 1186 1162 habendum.-

378 1213 560 1305 Quatenus
586 1209 743 1309 therapio
768 1205 950 1281 rationalis
969 1231 1107 1307 semper
1123 1206 1344 1280 conditiones
1359 1231 1442 1307 pro-

326 1351 455 1402 vocare
480 1326 587 1400 debet
608 1326 801 1398 contrarias
826 1323 894 1396 illis
907 1379 917 1419 ,
931 1345 1031 1426 quae
1061 1348 1264 1424 processum
1294 1347 1443 1422 nosuge·

327 1449 484 1520 neticum
510 1445 688 1542 efficiunt3
712 1459 856 1517 eatenus
881 1438 1007 1544 sponte
1023 1443 1135 1545 liquet
1151 1443 1360 1518 methodum
1377 1471 1441 1516 an÷

328 1563 601 1665 tiphlogisticam
625 1564 662 1634 in
697 1561 924 1663 persanaudis
959 1561 1219 1636 rheumatismis
1254 1587 1441 1663 nunquam

329 1685 515 1781 sufficere,
539 1711 692 1785 namque
716 1698 827 1758 status
852 1683 1060 1783 phlogoseos
1091 1685 1231 1756 nonnisi
1267 1684 1440 1756 secunda*

328 1807 423 1878 rium
448 1806 539 1878 sistit
563 1802 727 1876 effectum
752 1801 936 1901 singularis
952 1799 1045 1873 illius
1062 1815 1178 1873 aestus
1195 1799 1444 1873 thermo-elee-

330 1927 417 1998 tricl.
449 1919 615 1998 intestlni.
657 1923 897 2014 Quamobrem
938 1935 1020 1994 ante
1055 1921 1174 1994 omnia
1215 1921 1442 2020 cogitandum

330 2043 398 2114 erlt
422 2041 467 2116 de
492 2037 740 2135 adminiculis,
764 2063 855 2140 quae
879 2037 1037 2112 normale
1069 2037 1321 2110 commercium
1347 2035 1442 2108 calo-

330 2176 408 2234 rem
432 2172 468 2231 et
492 2157 757 2232 electrioitatem
781 2155 969 2229 animalem
993 2156 1086 2228 inter
1117 2169 1153 2227 et
1188 2153 1441 2256 atmosphaeri-

332 2301 413 2354 cam
453 2278 663 2371 restituere,
703 2276 983 2375 damnosumque
1020 2271 1195 2348 indorum
1236 2275 1444 2375 injuriarum

333 2412 555 2472 externarum
580 2408 737 2470 auertere
763 2393 890 2466 saltem
924 2419 1079 2494 eousque
1110 2391 1293 2489 valerent,
1327 2391 1443 2466 donec

332 2515 533 2615 sospitatrix
557 2525 710 2608 natura,
733 2509 954 2585 venerandus
978 2510 1038 2583 ille
1065 2525 1118 2584 tot
1137 2509 1343 2584 morborum
1365 2535 1446 2612 pro-

334 2631 551 2729 tomedicus,
574 2629 794 2733 aequabilem
818 2630 981 2731 principii
997 2625 1119 2704 biotici
1135 2629 1447 2731 dispensationem,

334 2754 589 2856 pristinamque
613 2751 833 2825 harmoniam
859 2749 994 2824 efficiat
1026 2749 1156 2822 Omnia
1186 2774 1333 2850 corpora
1373 2764 1446 2822 eutr

335 2871 505 2965 admota,
534 2889 625 2972 quae
658 2865 992 2971 imponderabilium
1022 2865 1249 2942 conductioni
1279 2867 1449 2964 obstant,

336 2987 598 3089 idioelectrica,
633 2992 707 3064 aive
747 2985 961 3064 cohibentia
983 2989 1114 3089 passim
1154 2983 1251 3071 dicta
1288 2989 1326 3060 in
1364 3014 1448 3061 cura

336 3111 563 3188 rhenmatum
587 3107 759 3208 magnalia
794 3120 999 3207 praestant,
1030 3099 1138 3178 nullis
1175 3102 1251 3177 abis
1284 3104 1450 3178 remediis

338 3225 562 3328 supplenda3
585 3224 722 3298 adsidui
747 3223 881 3298 scilicet
912 3222 1004 3297 sotus
1040 3249 1123 3297 cum
1159 3222 1285 3322 pannis
1315 3221 1450 3316 laneis,

338 3369 422 3417 crim
445 3357 548 3444 stupa
574 3342 797 3438 cannabiua,
828 3343 1019 3442 gossypio,
1055 3341 1167 3414 scrico
1204 3354 1348 3436 cerato,
1384 3355 1451 3414 etc.

339 3485 430 3562 quae
454 3459 529 3534 sola
549 3459 650 3540 band
673 3479 773 3556 raro,
790 3474 826 3533 et
841 3461 992 3533 maxime
1009 3457 1134 3533 morbo
1150 3471 1310 3532 recenter
1326 3473 1453 3558 capto,

340 3579 471 3652 mirum
494 3576 734 3650 levamentum
759 3577 968 3673 adducunt,
991 3579 1102 3650 immo
1128 3575 1317 3650 radicalem
1348 3602 1452 3651 sana·

338 3694 473 3768 tionem
487 3693 682 3796 perficiunt
699 3693 743 3766 In
758 3693 1018 3768 rheumatismis
1040 3691 1215 3794 plerisque
1232 3692 1329 3767 nulla
1347 3709 1453 3794 urget

340 3811 495 3893 sudores·
510 3813 743 3914 promovendi
768 3815 982 3910 necessitas,
1007 3839 1090 3886 cum
1114 3813 1185 3886 rari
1217 3815 1291 3886 sint
1325 3839 1456 3911 casus,

341 3931 379 4006 in
404 3927 532 4032 quibus
558 3929 651 4029 aegri
680 3954 755 4004 uon
790 3931 950 4006 diffluant
985 3930 1199 4029 sudoribus,
1235 3931 1294 4008 vel
1331 3931 1456 4018 saltem

202 4096 212 4116 .
341 4043 496 4118 ubertim
528 4047 751 4148 transpirent
784 4048 915 4122 Docuit
948 4063 1068 4122 tamen
1105 4049 1315 4150 experientia
1352 4063 1457 4151 potus

341 4162 467 4240 leuiter
492 4163 695 4267 diapuoicos
720 4168 855 4266 egregie
880 4167 1048 4242 conferre.
1085 4164 1227 4242 Hanece
1242 4205 1250 4220 κ
1264 4167 1458 4242 efficaciam
1582 4239 1594 4254 ,

340 4307 417 4358 non
440 4284 637 4357 inficiamur
661 4285 854 4386 equidem,
890 4287 1001 4360 immo
1030 4285 1195 4360 lubenter
1229 4301 1364 4360 suetam
1400 4313 1456 4360 se·

343 4403 486 4501 quimur
509 4403 641 4502 praxin.
668 4401 749 4477 Non
787 4403 962 4480 credimus
992 4427 1105 4500 vero,
1129 4403 1227 4506 quod
1252 4403 1458 4506 epbidrosiu

342 4519 586 4624 promovendo
611 4525 734 4622 irruent
768 4523 922 4599 remedia
957 4523 1223 4628 diaphoretica,
1249 4523 1311 4596 sed
1337 4523 1458 4628 quod,
