3264 5194
1271 413 1315 488 91

208 506 291 582 lieni
314 533 378 610 per
402 505 631 582 eminentiam
655 529 732 577 esse
756 501 903 578 insensa
929 504 978 578 Et
1002 507 1031 579 si
1061 507 1140 608 quis
1171 531 1319 608 quaere·

207 642 282 724 ret,
306 651 480 728 quaenam
506 627 598 698 inter
622 623 766 698 diurnas
792 623 918 726 phases
943 623 1027 697 lieni
1058 628 1223 726 imperet,
1247 643 1323 699 non

208 744 313 819 aliam
338 745 406 818 nisi
430 743 668 844 vespertinam
695 740 899 814 insimulare
923 767 1091 842 possem,
1114 743 1202 818 haec
1215 745 1323 823 ¹euim
1402 817 1405 824 ,

207 862 428 963 inphysicis
454 859 675 934 etcosmicis
700 857 926 960 qualitatibus
961 887 1044 934 cum
1080 860 1219 934 climate
1250 861 1324 936 udo

207 994 245 1054 et
270 994 442 1052 autumno
467 979 619 1050 maxime
654 976 820 1052 collimat.
862 979 963 1077 Ipsae
1001 977 1118 1050 febres
1152 979 1325 1052 intermit-

209 1109 323 1170 tentes
347 1095 478 1196 splenis
503 1095 666 1168 infarctui
696 1094 927 1195 producendo
954 1119 1039 1196 prae
1071 1097 1215 1168 caeteris
1245 1096 1322 1170 ido¹

209 1241 315 1310 neae,
339 1213 503 1288 videlicet
527 1228 740 1313 quartanae,
767 1215 974 1313 vespertinis
1006 1213 1206 1314 plurimum.
1225 1215 1324 1288 inva·

208 1333 298 1405 dunt
323 1331 427 1406 horis.
453 1373 505 1387 -
530 1331 709 1403 Hactenus
734 1331 779 1403 de
805 1331 915 1404 factis.

256 1448 329 1524 Ubi
365 1463 485 1522 autem
520 1465 643 1521 eorum
677 1451 768 1523 ratio
803 1448 1038 1549 inquirenda?
1076 1448 1199 1540 Qualis
1225 1464 1321 1522 extat

205 1592 362 1666 organon
387 1569 480 1640 inter
504 1579 541 1638 et
564 1566 763 1640 morbificas
787 1567 934 1668 iujurias
959 1567 1093 1638 nexrrsl
1118 1567 1240 1658 Qualis
1265 1583 1319 1642 est

206 1687 333 1760 barum
358 1712 464 1789 super
487 1685 578 1758 illud
605 1685 731 1784 agendi
761 1687 913 1760 modus?
954 1688 1027 1760 Cur
1055 1687 1159 1760 clima
1191 1688 1322 1784 udum,

206 1815 266 1878 altr
290 1805 502 1900 nebulosus,
526 1817 716 1879 autumnus
742 1821 778 1880 et
794 1806 963 1908 hesperus
981 1808 1069 1881 adso
1091 1810 1322 1910 conspicuum

206 1947 321 2022 super¹
341 1921 413 1994 lien
449 1937 596 1996 exerunt
631 1921 830 1996 influauml
854 1965 904 1979 -
933 1925 1031 2016 Quot
1068 1927 1321 2024 quaestiones,

136 2059 138 2066 ’
207 2043 356 2120 totidem
379 2041 597 2144 problemata
622 2043 866 2145 patlrologica,
890 2039 1042 2144 quorum
1078 2043 1322 2141 illustrationi,

64 2257 72 2268 ι
206 2187 252 2235 ne
277 2162 393 2236 dicam
417 2162 607 2261 solutioni,
631 2164 912 2266 quamplurimae
938 2165 1156 2238 reluctantur
1172 2165 1321 2239 difficul-

206 2292 318 2377 tates,
341 2281 372 2353 si
396 2279 614 2354 reconditam
639 2284 677 2354 in
699 2283 832 2357 intimis
853 2281 1090 2384 penetralibus
1116 2285 1239 2382 organi
1262 2309 1319 2356 se·

205 2397 308 2494 dem,
339 2401 484 2500 ejusque
518 2401 727 2500 dignitatem
768 2401 806 2472 in
847 2399 1073 2500 gubemanda
1115 2403 1320 2476 oeconomia

206 2515 348 2590 ammali
372 2531 409 2591 et
434 2517 654 2594 functionem
679 2519 855 2621 hodieque
879 2521 1040 2596 nondum
1057 2535 1154 2594 extra
1180 2535 1321 2594 contro-

205 2637 338 2710 versiae
362 2636 476 2713 aleam
500 2643 631 2740 positas
657 2667 732 2714 esse
757 2643 1017 2742 perpendimus.
1035 2643 1218 2734 Quatenus
1235 2667 1320 2714 vcro

205 2754 334 2828 medici
357 2755 564 2859 Philosophi
589 2759 746 2833 officium
770 2783 995 2860 nequaquam
1024 2757 1176 2859 simplici
1206 2757 1317 2857 phae-

205 2899 440 2950 nomsnorum
464 2877 708 2952 observatione
734 2877 1056 2972 circumscribitur,
1072 2875 1135 2950 sed
1151 2877 1227 2976 pari
1245 2881 1321 2978 jure

204 2993 418 3096 pmdentem
444 2997 587 3096 origirris
603 2999 826 3097 indaginem,
843 3011 949 3098 atquc
966 2995 1222 3070 consideratam
1239 3022 1328 3070 cau·⁴
1399 3033 1400 3038 ¹

206 3139 347 3213 aarum,
371 3115 633 3216 effectuumque
657 3115 947 3217 perquisitionem
971 3112 1141 3212 includit,
1157 3157 1208 3170 -
1224 3127 1319 3189 eate-

205 3259 274 3306 nus
305 3231 439 3334 aliquas
469 3233 595 3308 saltem
629 3234 676 3308 de
711 3235 901 3334 nosogenia
938 3230 1037 3306 labis
1054 3233 1240 3335 splenicos
1275 3233 1321 3308 ab

206 3351 414 3449 endemico,
438 3352 495 3443 val
520 3351 717 3455 epidemico
742 3351 840 3428 fonte
864 3352 1085 3448 scaturientis
1114 3353 1210 3429 ideas
1235 3353 1319 3427 sub·

204 3487 346 3547 nectere
370 3475 509 3548 animus
534 3477 657 3574 prurit
684 3475 802 3548 Tanto
827 3473 994 3548 libentius
1023 3485 1142 3548 autem
1173 3473 1232 3547 hic
1256 3499 1321 3576 per

206 3606 407 3667 transenam
430 3593 621 3692 immoror,
645 3620 728 3669 cum
753 3593 941 3696 plerosque
973 3593 1181 3695 patlaologos
1210 3593 1321 3669 hocce

205 3709 406 3814 objectum,
430 3711 531 3814 quasi
555 3714 653 3788 omni
678 3713 956 3788 consideratione
987 3711 1171 3812 indignum
1203 3711 1322 3808 foret,

204 3853 378 3904 novercae
402 3857 511 3904 manu
536 3843 726 3929 tractasse,
750 3830 808 3905 rel
832 3829 937 3933 plane
972 3829 1229 3932 Harpocratem
1263 3857 1321 3905 co-

204 3939 310 4018 luisse
335 3943 494 4021 viderim.

211 4085 213 4090 ·
254 4064 518 4166 Hypotbcsium
550 4065 872 4168 phantasticarum,
905 4091 971 4168 per
1006 4079 1182 4167 quantum
1206 4063 1321 4161 licet,

205 4181 336 4255 evitare
361 4183 508 4283 capiens
532 4179 679 4284 laqueos
701 4181 944 4285 periculuma
976 4179 1212 4256 cardinalibus
1238 4181 1318 4282 qui·

202 4299 355 4374 busdam
379 4301 534 4396 notitiis,
557 4315 720 4375 mutuam
744 4301 952 4378 relationem
966 4303 1060 4376 inter
1083 4300 1347 4399 organismunr.

203 4417 564 4515 grandi-‘mundialem
588 4434 625 4493 et
648 4419 845 4494 humanum
868 4418 1154 4522 respicientibus,
1183 4419 1322 4518 ordiri,

202 4537 440 4614 necessarium
464 4535 567 4615 duco.
596 4537 698 4614 Hanc
733 4539 895 4638 unicam,
925 4551 962 4614 et
993 4536 1205 4614 tutissimam
1242 4563 1319 4614 esse
