3148 5170
1137 337 1211 414 303

55 469 164 566 jam
196 457 385 546 cadebant
410 453 625 532 Cacoderma
649 450 848 530 ulcerosum
883 454 921 528 ln
950 477 1023 530 unc
1056 451 1137 529 loco
1161 457 1213 528 ci·

58 581 252 656 catrices
277 575 471 673 commit,
494 575 533 647 in
557 571 626 648 alio
651 587 809 650 recentes
838 570 1049 648 moliebatur
1072 574 1214 670 ruinae,

62 697 133 772 and
184 695 430 781 conterminas
471 690 646 792 serpendo
662 703 822 792 :partas,
847 689 1076 792 quamobrem
1116 691 1212 766 solu·

67 827 174 888 tum
202 813 245 885 in
270 835 360 910 aqua
387 808 576 884 Muriatem
602 805 715 894 Celeia
738 833 805 908 pro
829 833 896 881 usu
922 823 1067 884 externo
1094 807 1215 896 aeleri-

71 956 188 1016 mue.
219 927 448 1032 ophthalmia
476 926 619 1026 interim
642 923 890 1026 dissipabatur.
911 968 962 984 ·-
978 925 1057 1000 Tali
1079 923 1214 1013 rathu'e

78 1074 229 1124 curam
263 1049 439 1150 patienter
479 1045 712 1130 conduximus
752 1071 818 1146 per
851 1045 1081 1148 quadraginta
1096 1107 1099 1112 .
1116 1047 1216 1142 diar',

80 1167 224 1241 animo
247 1191 349 1267 spem
382 1167 475 1240 inter
515 1177 552 1238 et
592 1177 728 1248 metum
762 1161 964 1246 fluctuante
1000 1165 1072 1240 Sub
1106 1166 1215 1244 linem

82 1286 235 1372 mensis
261 1286 346 1388 Maii
370 1286 590 1385 inexpectata
620 1281 779 1370 oqutur
813 1283 1004 1385 euphoria3
1038 1284 1214 1387 adpetitum

85 1403 194 1478 redit
219 1415 258 1478 et
280 1427 435 1489 unacum
458 1400 521 1476 illo
546 1401 702 1500 corporis
726 1401 856 1474 macies
872 1403 1076 1508 corrigiturq
1097 1401 1214 1490 ulcera

87 1546 163 1622 per
189 1518 339 1603 duram
363 1531 548 1620 otpertus
573 1542 692 1617 sparsa
728 1517 890 1592 cicatrice
926 1515 1155 1618 obteguntur,
1178 1531 1216 1602 ct

89 1638 250 1741 quidem
273 1663 380 1740 passu
403 1635 493 1712 adeo
516 1635 662 1738 rapido,
687 1649 728 1710 ut
751 1643 913 1714 nostram
943 1640 1128 1722 excitarint
1151 1637 1216 1712 aal-

90 1759 338 1832 mirationem.
353 1755 483 1852 -Ac,
507 1751 705 1842 hebomadc
721 1755 781 1829 vir
803 1769 998 1853 transacta,
1021 1757 1215 1858 speciosam

41 1869 49 1876 ”
94 1887 267 1974 tantum,
290 1887 396 1983 atque
421 1869 609 1946 subdolam
634 1870 740 1950 luisse
772 1872 1069 1972 emendationem,
1090 1873 1216 1950 oborta

96 2015 228 2066 recens
260 1989 437 2065 malorum
473 2002 614 2062 caterva
649 1988 764 2062 evicit
799 1989 1050 2076 Intumuerunt
1084 1990 1217 2092 quippe

98 2109 344 2190 extremitates
367 2107 548 2193 inferiores
573 2105 654 2181 albo
670 2120 706 2181 et
722 2106 848 2207 frigido
869 2107 1084 2210 phlegmate,
1105 2087 1217 2192 abdo·

100 2228 283 2329 minisque
307 2225 475 2312 volumen
504 2226 633 2326 raptim
666 2226 864 2300 increscens
899 2226 1082 2317 indubium
1118 2227 1218 2303 dedit

98 2345 293 2420 effusionis
316 2369 454 2434 seroeae
479 2342 729 2433 testimonium,
754 2344 786 2416 A
810 2343 1008 2446 pharmacis
1032 2345 1217 2448 hucusque

104 2463 285 2564 usurpatis
301 2459 531 2559 abstinendo,
546 2459 593 2535 ad
609 2462 820 2562 aperientia,
836 2463 1026 2562 diurcticu,
1045 2479 1081 2539 et
1096 2491 1215 2540 amara

108 2580 332 2653 recurrimus
370 2579 482 2664 Radix
523 2578 696 2662 Ononidis
736 2591 774 2666 et
810 2577 983 2680 Squillae,
1022 2597 1217 2670 extractum

110 2697 312 2794 Graminis,
336 2697 446 2771 Terra
463 2695 581 2788 foliata
599 2697 741 2792 tartari,
756 2698 934 2797 Digitalis,
950 2699 1087 2804 aliaque
1112 2702 1217 2805 hujus

112 2813 255 2901 furfuris
279 2813 535 2906 medicamenta
559 2811 747 2915 periclitati
771 2841 913 2912 numus,
943 2842 1016 2890 non
1052 2817 1218 2918 neglectis

113 2931 355 3007 reticentibus.
381 2930 689 3033 Sprevitmcrbns
713 2957 865 3050 nequam
891 2935 974 3008 artis
999 2961 1125 3036 opem,
1149 2935 1218 3038 hy·

115 3047 260 3152 dropisis
285 3048 458 3136 radiolica
482 3051 596 3134 indice
630 3049 828 3148 increbuit,
857 3067 1006 3142 ruerunt
1042 3055 1148 3154 vires,
1178 3041 1220 3132 'et

116 3167 171 3242 die
200 3193 251 3242 ια.
275 3167 373 3244 lurni
396 3167 587 3258 suffocatus
611 3167 717 3274 periit
741 3191 841 3286 puer.

576 3433 755 3500 aurocen,

168 3647 297 3723 &vum
321 3649 472 3750 pectoris
507 3661 579 3728 tres
620 3649 757 3737 circiter
794 3650 915 3723 uncias
940 3649 1046 3728 cerosi
1071 3648 1217 3752 liquoris

124 3767 334 3865 conunehat3
362 3767 484 3869 pleura
516 3768 710 3844 hincinde
740 3768 969 3870 pulmonibus
1006 3771 1220 3870 adhaerens,

125 3887 242 3960 intuto
257 3885 392 3960 ambitu
409 3884 709 3986 leucophlegnaate
728 3901 886 3982 tumens,
910 3887 1052 3961 discissa
1076 3887 1220 3962 laticem

127 4003 462 4104 sermo-glutinosum
485 4003 706 4102 dimittebat,
730 4031 802 4106 quo
829 4019 942 4079 textus
959 4003 1132 4079 collidaris
1149 4005 1220 4078 lar·

129 4139 195 4198 ctus
221 4136 318 4221 erat3
350 4121 472 4198 dexter
505 4123 628 4226 pulmo
657 4126 789 4226 pariter
823 4124 1004 4210 oedcmate
1034 4125 1220 4225 turgidus,

130 4242 232 4318 laevus
256 4240 443 4341 normalis,
466 4240 650 4342 glandulae
675 4241 895 4317 bronchiales
932 4241 1113 4318 volumine
1142 4241 1218 4316 val-

132 4361 243 4461 ‹lcpcre
276 4376 425 4457 anema,
459 4361 577 4434 durae.
612 4361 684 4436 Cor
718 4375 755 4436 et
781 4361 1018 4462 pericardium
1048 4359 1093 4434 ab
1119 4362 1218 4437 oanni

133 4477 197 4553 labe
216 4479 393 4556 immunia.
411 4477 606 4559 Glandulae
622 4481 829 4568 meretricale
850 4479 996 4556 totidem
1010 4493 1217 4584 praesenta·
