3264 5194
4 495 14 542 Ι

4 617 12 660 t

4 739 8 784 t

4 859 7 894 t

1175 338 1192 380 ¹·
1217 337 1259 412 15

177 475 370 550 oppresse,
406 462 445 522 ut
479 469 618 520 summe
652 445 807 546 spirandi
845 443 1050 538 dificultate
1086 472 1231 556 urgente
1261 364 1286 534 ii

174 568 267 644 lecto
292 567 411 642 exilire
436 577 627 665 cogeretur.
652 567 787 638 Paucas
811 582 893 667 post
916 568 1020 644 hores
1045 557 1171 674 sponte
1189 603 1286 652 com·

173 685 405 788 placabantur
429 683 573 780 turbae,
596 685 783 784 superstite
808 697 946 760 tantum
963 686 1187 789 lassitudine,
1205 693 1287 795 dys-

172 805 325 907 phone,
349 830 390 878 ac
414 827 519 878 sensu
544 802 778 902 praelucentis
809 801 903 903 globi
938 804 983 878 ab
1018 821 1149 906 guttur.
1184 811 1286 884 Nuu-

172 949 282 1023 quam
298 920 431 1018 tebniu
447 920 593 1020 appetiit
605 945 759 1021 semper,
769 919 971 1023 laetumque
986 923 1108 998 retulit
1125 925 1286 1008 habitum

173 1037 339 1138 corporis.
362 1078 414 1092 -
437 1034 516 1110 lta
540 1034 773 1134 muliercula,
798 1037 956 1139 ejusdem
979 1042 1126 1140 aetatis,
1150 1049 1222 1145 jem
1239 1043 1284 1124 ab

173 1155 322 1234 infantia
346 1154 560 1232 convulsivis
584 1154 734 1230 obnoxie
760 1157 935 1256 motibus,
959 1173 1040 1234 ante
1066 1159 1154 1238 duos
1169 1187 1285 1238 aurius

173 1304 216 1352 ex
249 1279 441 1379 improviso
476 1279 531 1350 sui
568 1277 817 1352 conscientiam
858 1281 1019 1387 emittit,
1059 1281 1169 1359 oculis
1208 1285 1284 1362 lixis

172 1397 373 1496 proximum
397 1397 555 1470 intuetur
579 1394 774 1497 objectum,
791 1409 917 1474 trunco
932 1397 1104 1474 immobili
1122 1415 1158 1474 et
1173 1427 1284 1480 ruem·

172 1513 244 1587 bris
275 1513 489 1590 adstantium
523 1513 634 1592 ferme
667 1511 714 1596 ad
747 1512 888 1594 libitum
924 1513 1097 1596 flexilibus
1131 1519 1285 1598 eundem

173 1630 265 1708 ultra
288 1631 442 1706 mediam
465 1632 591 1708 horem
614 1647 732 1706 servat
756 1635 930 1736 positum,
949 1636 1058 1710 modo
1082 1639 1285 1739 suspirans,

171 1751 279 1826 modo
304 1749 419 1847 lleus,
443 1763 505 1825 aut
528 1749 722 1824 subridens.
748 1751 941 1832 Transacto
967 1753 1098 1856 absque
1123 1757 1283 1832 molestia

172 1871 401 1971 quadraginta
426 1871 564 1944 dierum
588 1869 774 1946 intervallo
798 1871 920 1946 similis
945 1873 1062 1949 denuo
1079 1877 1206 1950 invasit
1222 1901 1281 1950 ec·
1321 1960 1323 1964 ,

172 2012 317 2084 cessus,
350 2013 576 2090 praecursore
611 2011 695 2066 aura
731 1987 882 2086 lligide,
916 2005 953 2064 et
986 2017 1091 2066 seusu
1128 1993 1284 2093 ingratae

172 2107 381 2183 titillationis
405 2133 426 2180 a
450 2105 541 2208 pede
576 2107 716 2180 sinistru
752 2113 847 2208 jutta
877 2107 1054 2184 abdomen
1091 2125 1127 2185 et
1159 2127 1283 2212 pectus

171 2225 218 2298 ad
243 2225 358 2298 fauces
383 2250 496 2326 usque
521 2221 766 2314 adscendente.
791 2225 845 2298 Ab
863 2223 923 2303 illo
941 2240 1098 2328 tempore
1121 2230 1194 2330 jam
1211 2253 1284 2304 cre·

170 2343 296 2442 brius,
321 2342 540 2419 brevioribus
570 2343 720 2419 induciis
755 2343 884 2419 relictis
921 2345 1148 2445 recurrebat,
1182 2347 1283 2425 nullo

170 2464 239 2538 alio
264 2477 442 2538 caeterum
458 2461 685 2539 incommodo
703 2478 857 2563 urgente.
881 2507 932 2520 -
956 2467 1106 2568 Utrique
1123 2471 1283 2566 neurosi,

77 2599 86 2616 ’
169 2586 254 2658 licet
277 2585 495 2659 differentem
520 2582 688 2658 obtulerit
712 2583 882 2682 l'ormem,
898 2587 995 2686 prior
1018 2601 1142 2688 utpote
1159 2588 1281 2690 Apop-

169 2707 276 2776 nioer‘n
301 2717 537 2798 mmmmm,
561 2699 669 2775 altera
704 2700 867 2775 Ecstasin
902 2703 1067 2803 catalcpsi
1102 2704 1283 2805 adfinem,

170 2820 318 2894 eandem
343 2819 516 2894 subibisse
541 2831 704 2892 naturam
729 2843 803 2892 non
838 2817 1098 2917 dubitavimus,
1128 2817 1279 2922 hysteri-

169 2964 248 3013 cam
272 2951 423 3040 utpote,
455 2938 495 3012 in
528 2937 668 3017 lbminis
702 2936 844 3014 millena
875 2937 1052 3013 schemata
1088 2939 1281 3017 ludentem.

171 3058 394 3158 Quapropter
433 3055 570 3128 huncce
608 3055 779 3134 Proteum
817 3055 1080 3156 pathologlcum
1117 3057 1281 3133 remediis

168 3171 310 3273 adgredi
335 3171 580 3248 constituimus
617 3171 794 3270 neminis,
818 3187 919 3254 utero
953 3199 1017 3276 per
1051 3175 1282 3254 eminentiam

169 3291 298 3364 aurisia
322 3289 394 3364 Pro
418 3288 650 3372 medicamine
674 3288 863 3368 mixturam
888 3315 931 3364 er
966 3316 1055 3392 aqua
1092 3291 1280 3392 Melissae,
1377 3327 1382 3336 ·

168 3423 325 3484 ernasto
350 3405 627 3504 Chamomillae,
650 3421 687 3484 et
711 3407 842 3510 Spiritu
868 3407 1018 3483 aetheris
1045 3408 1173 3485 lermto
1199 3438 1281 3487 con·

168 3525 310 3624 fletam,
337 3553 403 3628 pro
427 3541 515 3628 potu
540 3527 715 3608 elixirium
739 3527 881 3609 acidum
905 3527 1038 3604 Halleri
1069 3557 1160 3631 aqua
1185 3529 1279 3606 dilu-

168 3662 245 3720 tum
279 3645 557 3741 destinavimus,
590 3644 781 3747 ambasque
817 3645 963 3722 lbmines
998 3673 1163 3748 germane
1198 3649 1278 3726 labe

167 3763 347 3859 adfectas,
370 3777 408 3838 et
430 3765 507 3864 pari
531 3777 688 3864 tempore
713 3763 807 3864 apud
842 3789 907 3839 nos
932 3763 1097 3863 degentes
1134 3765 1193 3840 die
1220 3793 1277 3843 20.

167 3881 397 3978 Decembris,
421 3895 502 3982 post
526 3881 767 3956 hebdomadae
798 3885 1140 3982 commorationem,
1174 3911 1277 3964 sanas

167 4002 374 4076 dimisimus.

214 4117 387 4196 nebeten
410 4117 613 4222 insipidum,
630 4120 790 4221 quemme
816 4145 997 4222 perrarum
1014 4121 1053 4196 in
1068 4121 1165 4222 praxi
1184 4148 1277 4199 mor·

165 4236 280 4334 bum,
302 4237 508 4338 neutiquam
533 4250 669 4336 nmen,
694 4251 734 4312 ut
759 4239 913 4334 Cucurri,
938 4239 1048 4334 Rem,
1071 4252 1108 4312 et
1131 4239 1275 4316 Doesou

165 4354 468 4450 existimaverant,
492 4353 749 4452 Nosologorum
766 4355 972 4455 figmentum
1001 4381 1099 4450 esse,
1126 4381 1287 4457 sequeus.

165 4497 230 4548 nos
262 4471 404 4556 edocuit
438 4499 548 4550 casus.
586 4471 733 4556 Famula
768 4473 1067 4578 quadragenaria,
1102 4485 1275 4578 tempera·
