3228 5166
1245 329 1286 403 31

181 479 202 514 κ
225 441 363 518 melico
387 439 501 541 Viris,
527 445 666 544 egregio
699 465 828 545 nempe
861 441 1080 548 Hieronymo
1112 443 1294 520 Anddauo

182 597 204 632 n
226 563 308 661 Reg.
334 559 615 662 Protophysico,
637 557 751 636 Paulo
775 557 1032 661 Valcareuglrio
1062 567 1133 664 jam
1156 561 1296 662 pridem

181 717 203 750 ,ι
225 681 264 754 in
288 679 414 754 eudem
439 679 620 756 'l'iciuensi
642 679 879 756 Universitate
903 679 1077 754 Primorio
1100 679 1296 754 medicinae

183 833 203 867 n
226 797 405 872 rationalis
429 795 654 894 Professore,
679 821 776 870 uunc
794 797 848 872 'sd
870 793 1048 870 Palatinas
1067 797 1173 898 hujus
1198 795 1296 872 urbis

182 949 203 984 η
224 913 387 1012 scholas,
410 914 556 990 honoris
581 941 686 994 causo
720 915 913 1013 inmun,
947 942 989 990 ae
1024 913 1204 992 Gulielmo
1226 915 1296 992 Pa·

182 1067 201 1100 η
227 1033 333 1107 trinio
356 1033 534 1136 Physico,
557 1048 664 1135 atquae
685 1033 726 1108 in
750 1032 819 1108 hoc
840 1031 1068 1110 celebenimo
1091 1034 1296 1110 nosocomio

183 1187 202 1218 n
225 1153 416 1226 Matomes
440 1152 663 1250 Professore,
692 1151 797 1252 longe
830 1151 977 1228 solidius
1010 1167 1118 1256 utque
1154 1151 1296 1228 ubet-ius

182 1305 200 1340 a
224 1269 398 1346 Theorice
422 1286 460 1348 ct
482 1273 636 1348 Praxeos
651 1273 831 1374 specimen
847 1269 1084 1348 intelleximus
1099 1270 1297 1348 exhibitum

182 1423 200 1457 n
224 1415 245 1462 a
269 1388 425 1490 Physico
448 1389 611 1466 Johsune
634 1389 793 1492 Baptista
820 1390 984 1487 Conso,
1000 1395 1101 1496 majus
1126 1390 1238 1490 lema,
1254 1415 1296 1466 sc

183 1541 201 1578 s
225 1507 264 1580 in
302 1519 378 1582 ote
413 1507 550 1584 medica
584 1508 797 1610 pmestautiu
832 1508 916 1582 satis
949 1508 1160 1612 abundeque
1193 1508 1297 1586 nobis

181 1660 201 1694 s
223 1637 408 1726 perspecta
432 1624 568 1724 fuerat,
592 1639 671 1700 tum
695 1651 739 1700 ex
763 1623 940 1702 eleborata
957 1633 1032 1720 eius
1053 1627 1297 1704 dissertatione

182 1743 321 1845 „typis
358 1741 629 1818 editu=De
663 1745 753 1820 sitris
788 1746 945 1846 ingressu
980 1747 1020 1820 iu
1061 1744 1298 1823 ventriculum

182 1897 201 1930 n
225 1877 307 1937 etc:-
324 1891 377 1934 ε
400 1889 471 1966 qua
488 1862 615 1939 Galeni
639 1865 793 1965 vestigiis
811 1866 849 1939 iu
861 1865 938 1940 Lib.
952 1865 1119 1968 Hippocr.
1137 1864 1297 1968 adprime
1350 1941 1353 1956 λ

182 2018 202 2052 ιι
224 1981 441 2082 insistendo,
464 1983 657 2060 Thoonem
681 1999 718 2061 et
741 1986 883 2060 Praxim
905 1987 1039 2088 optime
1063 2011 1146 2060 eum
1170 1983 1298 2062 callere

183 2135 203 2168 s
224 2101 411 2200 commus,
436 2115 515 2176 nrm
538 2128 582 2178 ex
607 2102 747 2178 assidua
776 2105 886 2206 ipsius
916 2105 955 2178 iu
984 2103 1189 2207 hujusmodi
1211 2105 1298 2180 artis

184 2253 203 2287 s
225 2221 495 2320 exercitatione,
520 2246 629 2322 Qum
651 2219 852 2324 perutiliter
881 2220 1098 2323 solerterque
1129 2221 1299 2298 adversus

183 2373 202 2408 s
224 2353 383 2440 aegrotos
413 2339 571 2416 ostendit
602 2341 642 2416 in
675 2339 795 2442 amplo
827 2339 1037 2444 florentique
1061 2339 1300 2418 idcomeruati

183 2491 201 2524 s
223 2459 396 2559 primum,
412 2485 495 2535 mox
512 2459 679 2559 Brignani
704 2457 854 2562 oppido,
874 2459 970 2560 uude
992 2457 1137 2535 tandm
1161 2473 1199 2536 ct
1221 2461 1298 2561 ipse

184 2607 202 2642 n
224 2599 298 2650 uon
322 2576 449 2678 impari
474 2575 619 2650 honoris
654 2577 770 2674 erdtu,
806 2603 848 2652 ae
882 2579 1200 2679 praestantissimus
1225 2577 1298 2654 Ho-

124 2691 130 2704 ’
183 2723 201 2758 s
223 2691 400 2767 mobonus
424 2691 531 2790 Piso,
555 2693 651 2769 Civis
686 2695 963 2792 Cremonensis,
997 2698 1060 2799 qui
1094 2723 1138 2772 ex
1168 2695 1299 2772 eodem

182 2845 199 2878 n
221 2809 389 2912 Briguaui
426 2811 582 2916 oppido,
616 2809 678 2888 ubi
708 2813 885 2888 medicam
920 2827 1033 2888 artem
1068 2827 1299 2910 exercuerat,

180 2964 199 2998 s
221 2929 270 3004 ad
304 2931 501 3006 Medicinae
534 2931 712 3032 practicae
748 2929 965 3005 Cathedrum
1001 2931 1039 3004 in
1069 2928 1298 3005 celeberrima

182 3081 200 3113 η
222 3045 361 3122 Patavii
384 3047 574 3122 Acadesnia
598 3047 685 3122 olim
709 3062 856 3124 vocatus
887 3061 963 3144 est,
993 3047 1040 3123 sd
1075 3045 1168 3124 hauc
1200 3045 1297 3122 'lici-

181 3199 201 3234 n
223 3187 371 3240 nensem
395 3166 497 3242 evehi
521 3181 726 3243 mereretur.

232 3315 252 3352 a
274 3283 372 3360 Haec
395 3285 545 3388 proinde
568 3288 608 3362 iu
632 3311 737 3362 eausa
762 3286 926 3385 luerunt,
943 3311 1009 3360 cor
1031 3285 1079 3362 sd
1100 3285 1297 3364 Medicinas

181 3437 201 3474 n
222 3404 398 3506 practicae
427 3405 624 3482 ordinarias
658 3405 836 3484 Exedrsm
869 3406 1165 3508 spectatissimum
1199 3405 1297 3482 huuc

180 3554 200 3589 s
222 3520 350 3596 Virum
385 3523 672 3624 promovendum
708 3525 977 3621 censuerimus,
1015 3549 1057 3600 es
1090 3523 1196 3626 plane
1229 3549 1295 3627 sps
1369 3563 1373 3572 ·

181 3671 199 3706 s
221 3638 322 3736 freti,
344 3653 387 3714 ut
409 3637 583 3740 studiosi,
606 3641 797 3744 cupidique
831 3645 998 3744 juvenes,
1034 3639 1101 3714 sub
1136 3641 1298 3740 auidus,

180 3789 199 3823 n
221 3772 455 3860 accurateque
475 3760 634 3861 ejusdem
649 3760 835 3864 disciplina
851 3759 978 3834 Glinici
993 3757 1207 3862 quandoque
1222 3785 1298 3834 me·

180 3905 199 3940 s
221 3872 292 3948 dici
316 3876 450 3976 optime
475 3879 614 3953 ermuri
640 3877 959 3978 sint,morbon1m
989 3876 1085 3952 ideas
1109 3891 1147 3952 et
1171 3903 1296 3954 causes

179 4027 198 4061 n
220 3993 287 4068 rite
311 4011 587 4097 perscrutantes,
607 4013 713 4102 utque
735 4023 890 4100 congrua
906 3995 1093 4098 seligentes
1116 3997 1297 4096 remedie,

179 4146 198 4180 s
220 4112 349 4214 qulbus
373 4131 574 4219 opporttmc
599 4116 818 4221 opitulentur
840 4117 1011 4220 aegrotis,
1040 4141 1157 4219 neque
1186 4143 1230 4192 ex
1254 4115 1296 4191 il·

180 4267 198 4302 s
220 4231 340 4310 lorum
362 4261 514 4315 numero
548 4265 623 4314 esse
654 4239 868 4336 videantur,
903 4238 966 4340 qui
1003 4249 1234 4339 posteaquam
1271 4265 1294 4312 e

179 4385 198 4420 n
220 4351 343 4428 limine
369 4367 507 4431 tautum
541 4355 755 4434 medicinam
788 4355 1040 4454 salutaverint,
1062 4367 1100 4430 et
1129 4355 1187 4430 vix
1212 4381 1292 4431 me·

178 4507 201 4542 e
222 4473 302 4550 dus
326 4475 491 4577 nomine,
515 4477 774 4584 indigestosque
799 4479 999 4576 decumus,
1023 4489 1059 4554 et
1092 4477 1294 4594 promiscua
