3148 5170
437 479 660 558 HISTORIA
686 477 887 554 OCTAVA„

182 719 522 836 Hydrencepbolas
551 719 620 802 sub
651 717 841 802 schemate
871 718 1137 808 Amuuoseos.

151 950 295 1048 Puella,
320 950 486 1025 undecim
511 976 621 1024 annos
647 963 750 1046 nata,
774 949 937 1050 graeilis,
960 956 1029 1052 jam
1049 977 1069 1029 a
1094 975 1215 1024 mense

96 1071 263 1170 Augusto
293 1072 386 1172 1817
414 1068 543 1151 erebria
569 1071 693 1170 eapitis
718 1068 899 1144 doloribus
935 1069 1089 1170 direxari
1118 1069 1212 1142 inea-

95 1189 180 1288 pit,
205 1188 287 1288 qui,
310 1213 393 1261 mox
428 1185 473 1270 ad
508 1187 697 1283 verticem,
738 1212 820 1263 mox
856 1186 894 1259 in
931 1185 1043 1264 illudo
1079 1183 1213 1260 orbitae

96 1305 239 1404 oborti,
263 1305 473 1386 remiserunt
501 1303 644 1404 quidem
676 1330 740 1404 per
773 1302 978 1400 intervalla,
1012 1317 1066 1381 aet
1102 1302 1212 1376 lbrme

96 1436 324 1502 constantem
349 1409 579 1516 oarebariam,
595 1446 736 1494 sensum
753 1421 939 1521 pressionis
955 1422 993 1492 in
1010 1418 1120 1496 oeulis
1140 1445 1213 1493 11111-

95 1541 240 1641 bobus‚
264 1541 448 1642 levemque
473 1541 716 1642 stupiditatem
739 1540 965 1642 reliquerunt.
982 1540 1213 1639 Languebant

98 1660 216 1756 vires,
241 1672 276 1733 et
292 1684 420 1762 eorpus
437 1657 652 1771 pedetentim
670 1657 848 1743 emaoruit
865 1656 1061 1730 insensibili
1077 1657 1213 1736 metens

97 1791 137 1850 et
163 1779 238 1879 ipse
262 1777 358 1851 visus
382 1775 628 1872 rninuebatur,
651 1773 830 1852 minabant
853 1801 957 1876 saepe
983 1789 1064 1848 ante
1089 1772 1211 1848 oeulos

98 1897 293 1994 suintillae,
317 1895 629 1971 interourrentibns
655 1893 813 1972 'subinde
848 1891 1065 1973 macularum
1096 1893 1210 1991 nigra·

97 2040 182 2086 rum
206 2015 361 2114 speotris.
387 2014 487 2086 Circa
513 2011 670 2086 medium
695 2010 899 2086 ianuarium
947 2011 1039 2084 1818
1074 2007 1209 2082 misella

99 2135 175 2232 jam
200 2131 268 2227 nil,
292 2144 430 2232 praeter
454 2129 571 2203 lucem
596 2144 632 2204 et
657 2129 833 2226 tenebras,
858 2127 1068 2227 distinguere
1085 2128 1210 2228 potuit.

99 2247 260 2320 Medicus
286 2249 417 2321 aooitus
443 2247 634 2322 catlrartioo
659 2246 805 2348 pulvere
834 2261 903 2321 tres
940 2248 1090 2320 excussit
1120 2245 1210 2320 lum·

99 2361 217 2438 bricos
228 2419 240 2464 ,
263 2365 350 2467 quin
376 2379 494 2438 tamen
525 2365 607 2450 inde
642 2363 881 2438 levamentum
916 2364 1054 2438 duxerit
1088 2390 1210 2462 aegra,

101 2507 242 2555 summo
268 2507 426 2556 moerore
451 2507 626 2583 oppressa,
651 2484 717 2558 Die
752 2508 782 2555 2.
818 2481 998 2556 Februarii
1037 2481 1209 2556 Clinicam

4 2611 5 2624 ¹
99 2598 196 2674 subit
220 2597 387 2674 scholam.
415 2601 531 2700 Caput
554 2600 737 2694 indolens,
768 2600 829 2672 sed
866 2627 989 2699 grave,
1019 2607 1094 2702 ejus
1123 2578 1234 2674 tem·⁸

98 2717 212 2816 peries
236 2741 310 2789 non
335 2729 461 2810 aneta,
483 2715 638 2815 plenaria
664 2717 792 2796 mentia
828 2718 1024 2814 praesentia
1041 2746 1056 2812 3¹
1089 2716 1208 2789 nullus

99 2861 228 2934 sopor,
252 2859 368 2935 neque
393 2833 603 2933 camphora,
627 2829 720 2906 oculi
743 2832 919 2906 tantillam
944 2835 1208 2934 prominentes,

4 2945 5 2982 ³
102 2977 174 3024 non
199 2950 428 3047 inflammati,
452 2973 518 3022 neo
544 2949 693 3048 tumidi,
727 2949 916 3051 palpebrae
951 2948 1120 3045 mobiles,
1145 2977 1209 3050 pu·

101 3069 204 3170 pillae
229 3069 370 3170 nigrae,
394 3067 579 3166 dilatatae,
604 3091 671 3144 nec
696 3094 717 3143 a
741 3071 821 3144 viva
847 3069 926 3143 luae
958 3055 1209 3166 coarctandaea

102 3191 244 3264 obtutus
269 3192 380 3287 flaura
415 3202 691 3264 atemutamenta
729 3187 867 3287 erebra,
896 3188 1013 3262 nullus
1049 3189 1205 3289 pruritus

4 3363 5 3406 ,
102 3306 145 3378 ad
179 3331 300 3404 nares,
342 3305 460 3406 lingua
502 3304 605 3404 albat
645 3307 719 3379 sitis
758 3305 990 3406 pennolesta3
1025 3306 1207 3406 respiratio

4 3409 6 3436 '
101 3424 228 3521 libera,
251 3423 427 3508 abdomn
452 3423 581 3522 molle,
618 3423 810 3526 dyspboria
846 3439 882 3498 et
918 3425 1075 3526 inquies,
1110 3423 1206 3498 leves

4 3537 6 3580 ἶ
102 3542 283 3620 tendinum
307 3543 415 3616 saltur
439 3544 477 3616 in
502 3543 800 3640 extremitatibus,
824 3542 946 3644 pulsus
974 3544 1091 3644 parvi,
1118 3569 1202 3626 oon·

4 3661 5 3696 r
103 3662 210 3734 tracti.
234 3703 285 3731 -.
309 3660 477 3744 Desidere
493 3687 566 3735 non
582 3687 703 3740 sumus
721 3661 818 3757 ausi,
836 3673 955 3734 utrum
972 3660 1059 3737 lraeo
1082 3687 1204 3734 amau·

102 3781 185 3882 rosis
211 3805 230 3853 a
257 3779 355 3852 lenta·
377 3781 599 3878 congestione
624 3781 811 3879 sanguinea
834 3779 871 3850 in
893 3777 1127 3878 meningibus,
1148 3777 1205 3852 vel

4 3893 5 3908 ¹
103 3897 143 3968 ab
168 3895 338 3971 eilbsione
363 3921 502 3992 serosa,
527 3896 583 3969 vel
609 3923 694 3974 vero
719 3897 764 3970 ab
801 3896 889 3971 alius
926 3897 1060 3994 generis
1096 3897 1207 3992 vitio,

4 4029 5 4042 ¹
104 4039 223 4088 nervos
248 4015 383 4115 optioos
409 4013 680 4115 oomprimente,
697 4013 911 4116 dependerit.
930 4013 1047 4106 Quare
1064 4013 1204 4087 nonnisi

4 4139 5 4152 ¹
104 4157 234 4209 summe
259 4131 466 4205 indireotam
491 4133 738 4232 proposuimus
778 4131 988 4232 therapium,
1028 4130 1205 4206 resolven-

105 4248 186 4320 tium
200 4263 247 4322 'et
271 4248 514 4323 revellentinm
539 4250 698 4351 inprimis
726 4249 950 4351 implorando
980 4275 1074 4350 opes.
1099 4251 1205 4323 Prae·

104 4363 260 4438 soribitur
276 4367 431 4441 infusum
448 4370 583 4441 Sennae
601 4395 680 4441 cunr
700 4367 777 4441 Sale
794 4367 987 4442 cathartico
998 4379 1035 4438 et
1052 4367 1204 4465 Manna,

106 4480 338 4560 Calomelanos
363 4512 509 4588 granum
535 4511 646 4560 111111111
670 4485 724 4560 bis
750 4483 794 4562 de
819 4485 891 4585 die,
930 4498 966 4559 ot
1001 4483 1073 4560 duo
1100 4485 1199 4560 Sina·
