3264 5194
329 351 398 424 208

322 464 559 568 penetralibus
574 463 721 552 'oeculte
745 465 951 543 delitescam
982 465 1153 561 animare,
1184 467 1331 564 ejusque
1359 485 1438 534 sur-

238 593 246 605 '
322 585 421 660 culos
447 611 567 658 versus
592 587 749 688 corporis
774 585 1010 686 peripheriam
1036 582 1185 681 dirigere
1210 586 1318 681 jurat.

372 702 665 802 Aturosphacram
689 702 893 798 humidam,
918 727 1089 796 crassam,
1114 713 1150 772 et
1166 695 1372 772 nebulosam
1389 695 1439 767 ad

260 867 265 878 ·
322 837 442 898 ortum
468 822 650 896 cachexiae
675 823 912 924 pellagrosae,
946 823 983 894 in
1018 819 1196 894 connubio
1234 842 1318 889 cum
1359 815 1438 887 aliis

323 942 492 1041 potentiis
515 941 707 1038 morbidis,
731 941 1000 1042 suamquoque
1035 939 1256 1014 contribuere
1290 935 1439 1038 symbo-

323 1057 416 1154 lam,
441 1047 635 1160 complura
649 1060 822 1162 conjicere
847 1063 968 1132 siuunt
992 1070 1205 1157 argumenta.
1240 1055 1332 1154 Ager
1367 1053 1440 1158 Pa·

325 1178 466 1250 tariuus
482 1231 494 1271 ,
518 1175 787 1250 blodiolarrensis
801 1232 811 1272 ,
827 1175 1041 1271 Laudeusis,
1059 1173 1276 1268 Ticinensis,
1294 1185 1330 1245 et
1344 1173 1438 1246 Lau-

325 1291 486 1399 mellina,
509 1327 562 1350 -ν
583 1292 711 1392 quibus
737 1295 873 1366 cunctis
898 1292 1038 1367 coelum
1063 1292 1174 1364 udum
1199 1305 1253 1365 est
1269 1289 1440 1364 obinun-

326 1409 486 1484 dationes
523 1409 662 1484 crebras
704 1423 742 1482 et
781 1424 923 1506 rastas,
960 1435 1089 1512 pascua
1125 1409 1291 1507 irrigua,
1330 1431 1442 1506 aquas

325 1542 549 1627 stagnantes,
574 1553 702 1628 oryzae
732 1541 827 1623 sata,
857 1567 908 1584 —-
937 1529 1131 1602 maximum
1163 1525 1442 1628 pellagroaorum

326 1647 483 1725 offerunt
506 1669 704 1722 numerum.
731 1647 846 1722 Morbi
870 1650 984 1749 prima
1009 1647 1152 1746 vestigia
1187 1649 1223 1719 in
1259 1643 1357 1718 illam
1381 1669 1441 1715 ca-

327 1767 419 1842 dunt
444 1753 639 1867 epocham,
654 1757 731 1869 'qua
766 1782 920 1869 systema
958 1765 1190 1868 agriculturae
1225 1763 1442 1862 irrigatoriae

327 1886 366 1960 in
391 1884 552 1960 Insubria
587 1873 758 1986 majorem
794 1884 1065 1960 universalitatis
1107 1882 1243 1983 accepit
1268 1877 1443 1980 gradum,

329 2001 523 2102 eademque
548 2004 775 2104 proportione
800 2003 912 2078 crevit
936 2001 1003 2076 luis
1029 1999 1181 2100 gravedo
1211 2013 1247 2071 et
1277 1998 1440 2098 hequen-

329 2117 388 2192 tia.
413 2119 565 2214 Extant,
588 2159 640 2174 ·-
663 2133 803 2220 practer
827 2118 994 2218 grandem
1029 2117 1128 2190 illam
1163 2114 1316 2210 vallem,
1352 2137 1444 2214 quae

329 2235 466 2335 Leprae
507 2233 774 2334 larrgobardicae
798 2235 931 2310 natales
966 2231 1329 2334 largitur,-plures
1355 2231 1442 2304 aliae

329 2355 508 2452 regiones,
532 2354 632 2453 queis
657 2353 877 2448 endenaicas,
901 2367 937 2426 et
961 2379 1061 2426 secus
1086 2354 1222 2452 ignotas
1253 2350 1342 2424 cutis
1368 2362 1443 2420 tur·

329 2469 509 2571 pitudiues
534 2472 721 2569 generandi
736 2486 893 2572 potestas
918 2473 1018 2546 inest.
1035 2471 1211 2572 Exemplo
1226 2472 1272 2544 sit
1294 2465 1444 2542 Morbus

330 2584 435 2662 mber
458 2587 651 2688 Cuyenmte
659 2643 674 2681 ,
701 2588 850 2663 Morbus
889 2589 1096 2680 Cniuensis,
1132 2589 1269 2690 Herpes
1299 2586 1444 2687 Aleppr'-

332 2729 399 2780 ctas
408 2758 423 2795 ,
458 2705 643 2807 Radesyge
683 2707 910 2806 Nomegica,
954 2705 1100 2780 Sibbens
1140 2707 1280 2780 Scotiae
1295 2729 1313 2796 ,·
1346 2704 1445 2778 Rosa

332 2823 574 2922 Asturiemis,
598 2838 664 2898 etc.
700 2829 854 2901 Cunctas
896 2841 1015 2900 autem
1052 2826 1156 2899 hasce
1197 2825 1316 2927 plagas
1357 2823 1445 2898 coeli

332 2944 445 3022 udore
470 2959 507 3019 et
543 2945 706 3046 smalore
737 2948 915 3042 eminere,
952 2948 1253 3047 peregrinatorum
1288 2945 1445 3018 testimo·

332 3063 401 3136 niis
427 3060 648 3162 exploratum
672 3063 832 3139 babetur.
857 3067 938 3167 Ipsa
958 3066 1055 3166 plica
1089 3065 1281 3166 polonica,
1314 3061 1446 3136 morbis

293 3259 298 3266 ,
334 3182 492 3254 cataneis
518 3186 594 3282 jure
619 3183 857 3278 accensenda,
880 3183 919 3256 in
949 3181 1018 3256 illis
1052 3183 1203 3255 maxime
1238 3179 1447 3254 diffunditur

333 3297 443 3394 locis,
467 3297 529 3370 ubi
554 3298 713 3396 Vistula,
737 3299 848 3375 aliave
873 3300 1019 3374 flumina
1051 3299 1181 3374 crebris
1213 3297 1446 3373 allusionibus

333 3411 432 3486 lacus
457 3427 494 3486 et
518 3412 665 3514 paludes
690 3433 820 3491 creant.
846 3419 926 3492 Scio
951 3417 1115 3518 equidem
1151 3443 1235 3490 mox
1270 3427 1451 3492 enumerat

335 3543 390 3602 tas
416 3530 700 3605 cacodermatum
725 3535 858 3636 species
882 3537 975 3608 iuter
999 3549 1035 3608 et
1069 3535 1260 3636 pellagram
1295 3532 1444 3608 notabile

336 3643 525 3724 discrimen
550 3673 645 3745 esse,
669 3675 741 3724 una
766 3653 861 3728 enim
886 3653 933 3726 ad
955 3651 1112 3753 lepram,
1147 3653 1214 3727 alia
1252 3653 1298 3726 nd
1322 3651 1445 3750 herpe-

336 3775 429 3860 tem,
453 3765 499 3838 ad
523 3766 753 3865 scorbutum,
777 3783 839 3842 aut
863 3769 1078 3871 sjmlailidem
1103 3771 1221 3845 denuo
1253 3771 1320 3846 alia
1351 3795 1448 3842 acco·

336 3879 413 3975 dit,
438 3882 644 3984 excipiendo
669 3885 798 3958 Rosam
823 3887 1030 3982 asturicam,
1055 3913 1145 3986 quae
1170 3887 1199 3958 si
1225 3911 1298 3958 nou
1328 3885 1450 3975 identi-

337 4025 442 4094 cum,
466 3997 593 4074 saltem
616 4025 755 4075 summe
780 4003 966 4102 arralognm
983 4002 1033 4075 lui
1050 4003 1264 4103 pollngrosae
1286 4001 1448 4076 morbum

337 4119 544 4216 constituit,
566 4161 618 4176 -
642 4125 742 4222 juvat
765 4136 885 4195 tamen
917 4115 1125 4223 conspectus
1157 4121 1329 4224 ejusmodi
1360 4147 1450 4192 com·

336 4239 541 4339 parativus,
561 4253 606 4311 -ut
630 4239 839 4338 persuadeat
863 4239 907 4314 de
946 4240 1096 4313 climatis
1130 4239 1268 4312 humidi
1311 4240 1349 4310 in
1374 4263 1450 4337 per·

340 4357 510 4431 vertendo
536 4371 727 4458 systemate
753 4373 903 4434 cutnneo
928 4359 1092 4433 efficacia.
1119 4355 1369 4458 Computaudo
1392 4355 1451 4427 dc·

340 4499 438 4548 marm
464 4475 687 4579 quotidianas
723 4491 758 4549 et
792 4478 1018 4552 inconcussas
1053 4475 1341 4570 observationes,
1366 4497 1452 4574 quae
