3228 5166
290 325 328 394 ’8

299 322 455 538 telam,
487 452 624 516 aestum
658 448 814 530 arceret,
845 431 904 507 rel
941 445 1180 534 temperaret,
1216 429 1414 520 commodis

298 557 509 632 destituitur.
533 556 616 631 Non
646 554 764 628 minus
799 553 956 653 prolicua
991 575 1076 650 agro
1114 549 1295 624 Ticinensi
1330 565 1415 626 suut

297 677 511 776 spiramenta
535 671 712 768 borealia,
738 671 768 744 si
793 668 934 743 labente
959 683 1132 744 autumno
1149 669 1259 744 muria
1274 667 1414 772 pluvia·

297 819 380 868 rum
402 793 528 894 copia,
552 806 589 866 et
624 786 836 865 nebularum
870 786 1066 888 frequentia
1102 787 1239 862 tristem
1272 786 1412 862 inducit

296 908 523 1012 squalorem,
553 933 660 1012 quern
691 932 797 1010 saepe
826 905 1011 980 confestim
1040 899 1231 1007 dissipant,
1261 905 1413 982 docente

295 1027 495 1131 baroseopii
520 1027 691 1104 adscensu
716 1041 753 1100 et
777 1025 994 1128 hygrometri
1019 1023 1175 1126 delapsu.
1198 1065 1250 1130 -7
1275 1025 1348 1118 Qui
1364 1051 1409 1100 ex

295 1146 454 1247 augulis,
477 1160 631 1248 quatuor
655 1143 780 1218 mundi
809 1141 920 1244 plagis
945 1143 1179 1243 interpositis,
1212 1143 1410 1218 scaturiunt

295 1265 417 1361 venti,
440 1262 536 1364 apud
559 1287 626 1336 nos
663 1275 749 1335 sunt
782 1260 949 1356 rariores,
972 1261 1021 1332 ita
1046 1260 1213 1357 Caecius,
1245 1259 1412 1358 Africus,

294 1381 512 1479 Libonotus,
536 1381 733 1456 rarissimus
758 1379 929 1478 Argestes.
946 1379 1054 1453 Venti
1070 1377 1243 1480 pluviosi,
1259 1378 1408 1454 Salanus

254 1563 259 1574 .
295 1513 333 1574 et
357 1500 576 1596 Vulturnus,
603 1498 811 1602 praesertim
851 1521 934 1572 vere
969 1510 1006 1570 et
1040 1511 1212 1572 autumno
1246 1510 1408 1572 nostrum

294 1617 447 1722 perllsnt
470 1645 602 1719 agrurn
626 1619 660 1692 Ε
683 1617 887 1718 temperatis
912 1617 1158 1718 provenientes
1183 1615 1296 1714 souis,
1321 1641 1409 1691 con·

295 1748 350 1810 tra
375 1736 515 1812 nivosas
538 1733 754 1837 impellendo
777 1733 905 1836 Alpes,
929 1732 988 1808 vel
1008 1731 1282 1834 Aquilonan'bns
1306 1734 1412 1808 inter·

295 1854 413 1952 mixti,
438 1853 649 1955 frigescunt,
673 1881 821 1956 vapores
846 1851 1018 1949 densant,
1048 1851 1180 1954 talique
1211 1867 1316 1957 pacto
1347 1880 1409 1929 co·

293 1971 637 2074 piosissimis,iisque
647 1997 751 2076 saepe
764 1970 938 2045 diuturnis
949 1969 1120 2044 imbribus
1130 1973 1409 2072 patrocinantur.

296 2088 414 2166 Media
430 2117 594 2166 mensura
610 2090 772 2192 pluviae,
788 2091 934 2194 periodo
949 2103 1032 2168 octo
1048 2115 1223 2168 annorum
1245 2090 1408 2196 delapsae

297 2206 368 2284 suit
391 2207 475 2310 poll.
502 2235 559 2311 ²7·
585 2208 679 2303 od„
923 2284 925 2290 .

343 2327 511 2401 Indicatis
536 2325 651 2402 obiter
675 2325 873 2428 praecipuis
898 2325 988 2401 coeli
1013 2325 1208 2400 Ticinensis
1234 2323 1408 2428 qualitati·

293 2443 383 2541 bns,
407 2459 581 2547 quatenus
608 2443 664 2521 vel
683 2454 710 2518 'a
734 2445 884 2546 physico
910 2443 1073 2540 climate,
1097 2442 1155 2519 vel
1185 2471 1205 2517 a
1229 2442 1410 2545 periodica

298 2565 382 2640 anni
399 2576 600 2666 temporum
617 2565 765 2638 circuitu
782 2564 1001 2666 dependent,
1018 2565 1284 2666 progrediamur
1301 2563 1409 2639 modo

292 2681 340 2756 ad
363 2683 656 2784 perquisitionera
681 2681 908 2778 morborum,
932 2685 994 2782 qui
1017 2709 1060 2756 ex
1085 2680 1285 2756 universali·
1298 2681 1408 2756 hocce

292 2801 391 2886 l'onte
415 2828 517 2876 suam
542 2815 708 2906 repetunt
732 2801 927 2901 originem,
956 2799 1107 2904 ideoque
1133 2801 1325 2904 populares
1350 2829 1410 2874 au·

292 2918 405 2995 diunt.
431 2919 570 2996 Horum
595 2917 758 2996 nonnulli
783 2947 827 2995 ex
862 2921 1010 3022 perenni
1045 2919 1224 3021 pullulant
1259 2917 1408 2994 obmatis

292 3037 517 3138 conditione,
533 3067 554 3114 e
569 3039 799 3116 relationibus
816 3039 968 3115 hominis
985 3039 1036 3113 ad
1047 3033 1283 3141 spatiwn,'—-
1293 3035 1408 3112 morbi

292 3168 417 3257 utpote
427 3155 883 3258 emulgendemiiffluos
894 3157 1058 3232 Genusus
1069 3159 1197 3230 rectius
1213 3156 1409 3254 ε’πιχωριές,

291 3270 351 3348 vel
386 3269 549 3373 iyxatptt'c
572 3272 681 3372 dixit,
713 3317 764 3333 -
800 3275 860 3350 alii
896 3275 999 3372 lixis,
1035 3289 1098 3350 ant
1131 3273 1408 3349 indeterminans

291 3379 482 3464 recurrunt
506 3391 730 3489 circuitibus,
754 3419 796 3468 ao
821 3391 888 3466 sibi
913 3391 1183 3476 succedentibus
1222 3405 1409 3467 metamor

291 3503 463 3608 phosibus
499 3511 542 3602 in¹
573 3522 726 3615 tempore
761 3512 1000 3611 respondent,
1036 3523 1252 3614 quapropter
1281 3510 1408 3584 merito

291 3621 607 3717 morsicatores,
631 3629 706 3702 sive
732 3629 938 3734 temporales
962 3628 1032 3704 dici
1062 3643 1228 3731 possent,
1252 3627 1407 3722 (oblivi-

291 3771 433 3820 seamur
456 3772 706 3845 communem,
732 3763 787 3823 ast
810 3749 930 3823 minus
960 3763 1097 3828 rectum
1127 3763 1163 3823 et
1192 3775 1288 3822 mere
1314 3747 1407 3822 arbi·

290 3865 439 3941 trarinm
463 3864 580 3972 morbi
604 3865 762 3942 chronici
788 3881 999 3968 conseptum
1016 3874 1049 3962 )‚
1078 3880 1119 3942 nt
1147 3867 1408 3966 distinguantur

289 3983 532 4087 aptioribus,
568 3989 724 4087 topicr's,
761 3985 952 4083 bedebur,
986 3987 1061 4061 slve
1098 3981 1308 4086 specialibus
1333 3985 1407 4078 (sit

288 4103 393 4178 venia
417 4101 575 4200 verbo),
600 4106 836 4178 communiter
860 4131 945 4180 vero
970 4103 1084 4179 morbi
1109 4103 1290 4206 epidemr'ci
1314 4127 1408 4175 nun·

289 4220 413 4322 cupari
437 4217 572 4316 solent,
596 4221 801 4323 etquidem
826 4249 892 4326 pro
917 4222 1120 4297 diversitate
1147 4219 1301 4314 reditus,
1324 4233 1431 4294 mox'

288 4339 415 4426 mmai,
427 4361 511 4412 mox
522 4343 785 4416 batemarreates
795 4395 809 4430 ,
827 4367 908 4415 mox
921 4345 1127 4414 stationarii.
1145 4339 1207 4412 lsti
1218 4339 1264 4414 arl
1277 4353 1407 4412 nutum

287 4451 788 4536 oscillatiouumcosmiceruur
807 4461 975 4537 continno
992 4471 1194 4557 mutantur,
1210 4456 1408 4560 incipiunt,
