<?xml version="1.0" encoding="UTF-8"?>
<!DOCTYPE html PUBLIC "-//W3C//DTD XHTML 1.0 Transitional//EN"
    "http://www.w3.org/TR/xhtml1/DTD/xhtml1-transitional.dtd">
<html xmlns="http://www.w3.org/1999/xhtml" xml:lang="en" lang="en">
 <head>
  <title>
</title>
<meta http-equiv="Content-Type" content="text/html;charset=utf-8" />
  <meta name='ocr-system' content='tesseract 3.04.00' />
  <meta name='ocr-capabilities' content='ocr_page ocr_carea ocr_par ocr_line ocrx_word'/>
</head>
<body>
  <div class='ocr_page' id='page_1' title='image "./annalesscholaec00hildgoog_0047.png"; bbox 0 0 3228 5166; ppageno 0'>
   <div class='ocr_carea' id='block_1_1' title="bbox 182 351 1384 4476">
    <p class='ocr_par' dir='ltr' id='par_1_1' title="bbox 182 351 1359 3056">
     <span class='ocr_line' id='line_1_1' title="bbox 1245 351 1315 426; baseline 0 0"><span class='ocrx_word' id='word_1_1' title='bbox 1245 351 1315 426; x_wconf 64' lang='grc' dir='ltr'><strong>ηδ·</strong></span> 
     </span>
     <span class='ocr_line' id='line_1_2' title="bbox 185 465 1294 576; baseline -0.004 -28"><span class='ocrx_word' id='word_1_2' title='bbox 185 473 332 576; x_wconf 84' lang='lat' dir='ltr'><strong>parique</strong></span> <span class='ocrx_word' id='word_1_3' title='bbox 347 485 509 574; x_wconf 84' lang='lat' dir='ltr'><strong>tempore</strong></span> <span class='ocrx_word' id='word_1_4' title='bbox 519 467 705 546; x_wconf 88' lang='lat' dir='ltr'><strong>scribendo</strong></span> <span class='ocrx_word' id='word_1_5' title='bbox 721 465 885 567; x_wconf 62' lang='lat' dir='ltr'><strong>rasabae</strong></span> <span class='ocrx_word' id='word_1_6' title='bbox 899 493 1015 572; x_wconf 84' lang='lat' dir='ltr'><strong>neque</strong></span> <span class='ocrx_word' id='word_1_7' title='bbox 1032 490 1175 573; x_wconf 83' lang='lat' dir='ltr'><strong>operam</strong></span> <span class='ocrx_word' id='word_1_8' title='bbox 1190 495 1294 544; x_wconf 86' lang='lat' dir='ltr'><strong>snam</strong></span> 
     </span>
     <span class='ocr_line' id='line_1_3' title="bbox 184 588 1295 692; baseline -0.002 -24"><span class='ocrx_word' id='word_1_9' title='bbox 184 593 348 668; x_wconf 74' lang='lat' dir='ltr'><strong>curandis</strong></span> <span class='ocrx_word' id='word_1_10' title='bbox 373 591 540 692; x_wconf 75' lang='lat' dir='ltr'><strong>aegrotis.</strong></span> <span class='ocrx_word' id='word_1_11' title='bbox 556 589 745 666; x_wconf 84' lang='lat' dir='ltr'><strong>desiderari</strong></span> <span class='ocrx_word' id='word_1_12' title='bbox 770 588 985 691; x_wconf 77' lang='lat' dir='ltr'><strong>patiebatur·</strong></span> <span class='ocrx_word' id='word_1_13' title='bbox 1002 589 1067 664; x_wconf 94' lang='lat' dir='ltr'><strong>Ille</strong></span> <span class='ocrx_word' id='word_1_14' title='bbox 1091 589 1203 665; x_wconf 87' lang='lat' dir='ltr'><strong>tidelis</strong></span> <span class='ocrx_word' id='word_1_15' title='bbox 1228 592 1295 666; x_wconf 90' lang='lat' dir='ltr'><strong>Coi</strong></span> 
     </span>
     <span class='ocr_line' id='line_1_4' title="bbox 185 705 1294 807; baseline -0.003 -21"><span class='ocrx_word' id='word_1_16' title='bbox 185 709 318 786; x_wconf 87' lang='lat' dir='ltr'><strong>oraculi</strong></span> <span class='ocrx_word' id='word_1_17' title='bbox 353 723 527 804; x_wconf 81' lang='lat' dir='ltr'><strong>sectator,</strong></span> <span class='ocrx_word' id='word_1_18' title='bbox 558 707 641 782; x_wconf 77' lang='lat' dir='ltr'><strong>felix</strong></span> <span class='ocrx_word' id='word_1_19' title='bbox 674 709 713 782; x_wconf 91' lang='lat' dir='ltr'><strong>in</strong></span> <span class='ocrx_word' id='word_1_20' title='bbox 745 705 961 782; x_wconf 78' lang='lat' dir='ltr'>debellandis</span> <span class='ocrx_word' id='word_1_21' title='bbox 994 707 1145 807; x_wconf 84' lang='lat' dir='ltr'>morbis,</span> <span class='ocrx_word' id='word_1_22' title='bbox 1168 709 1294 783; x_wconf 87' lang='lat' dir='ltr'><strong>doctus</strong></span> 
     </span>
     <span class='ocr_line' id='line_1_5' title="bbox 184 825 1294 929; baseline -0.003 -28"><span class='ocrx_word' id='word_1_23' title='bbox 184 829 223 902; x_wconf 90' lang='lat' dir='ltr'><strong>in</strong></span> <span class='ocrx_word' id='word_1_24' title='bbox 247 827 390 924; x_wconf 88' lang='lat' dir='ltr'><strong>schola,</strong></span> <span class='ocrx_word' id='word_1_25' title='bbox 414 826 494 929; x_wconf 90' lang='lat' dir='ltr'><strong>plus</strong></span> <span class='ocrx_word' id='word_1_26' title='bbox 520 845 648 928; x_wconf 88' lang='lat' dir='ltr'><strong>operae</strong></span> <span class='ocrx_word' id='word_1_27' title='bbox 673 825 824 900; x_wconf 83' lang='lat' dir='ltr'><strong>contulit</strong></span> <span class='ocrx_word' id='word_1_28' title='bbox 845 825 1082 904; x_wconf 82' lang='lat' dir='ltr'><strong>instaurandis</strong></span> <span class='ocrx_word' id='word_1_29' title='bbox 1099 826 1294 900; x_wconf 75' lang='lat' dir='ltr'>medicinae</span> 
     </span>
     <span class='ocr_line' id='line_1_6' title="bbox 184 943 1303 1046; baseline -0.004 -26"><span class='ocrx_word' id='word_1_30' title='bbox 184 947 310 1022; x_wconf 87' lang='lat' dir='ltr'><strong>studiis</strong></span> <span class='ocrx_word' id='word_1_31' title='bbox 327 945 373 1019; x_wconf 86' lang='lat' dir='ltr'><strong>nd</strong></span> <span class='ocrx_word' id='word_1_32' title='bbox 389 951 464 1046; x_wconf 80' lang='lat' dir='ltr'><strong>ejus</strong></span> <span class='ocrx_word' id='word_1_33' title='bbox 480 943 612 1018; x_wconf 88' lang='lat' dir='ltr'><strong>saeculi</strong></span> <span class='ocrx_word' id='word_1_34' title='bbox 628 958 790 1043; x_wconf 80' lang='lat' dir='ltr'><strong>gustum,</strong></span> <span class='ocrx_word' id='word_1_35' title='bbox 813 961 923 1044; x_wconf 87' lang='lat' dir='ltr'><strong>qnam</strong></span> <span class='ocrx_word' id='word_1_36' title='bbox 938 945 1134 1044; x_wconf 85' lang='lat' dir='ltr'><strong>superiores</strong></span> <span class='ocrx_word' id='word_1_37' title='bbox 1150 946 1303 1039; x_wconf 63' lang='lat' dir='ltr'><strong>omness&#39;</strong></span> 
     </span>
     <span class='ocr_line' id='line_1_7' title="bbox 185 1061 1294 1163; baseline -0.005 -23"><span class='ocrx_word' id='word_1_38' title='bbox 185 1067 319 1140; x_wconf 82' lang='lat' dir='ltr'><strong>etenim</strong></span> <span class='ocrx_word' id='word_1_39' title='bbox 341 1063 555 1138; x_wconf 82' lang='lat' dir='ltr'><strong>medicinam</strong></span> <span class='ocrx_word' id='word_1_40' title='bbox 579 1089 663 1136; x_wconf 90' lang='lat' dir='ltr'><strong>cum</strong></span> <span class='ocrx_word' id='word_1_41' title='bbox 686 1061 908 1163; x_wconf 74' lang='lat' dir='ltr'><strong>philosophia</strong></span> <span class='ocrx_word' id='word_1_42' title='bbox 932 1063 1127 1137; x_wconf 88' lang='lat' dir='ltr'><strong>arctissimo</strong></span> <span class='ocrx_word' id='word_1_43' title='bbox 1152 1061 1294 1137; x_wconf 83' lang='lat' dir='ltr'><strong>foedere</strong></span> 
     </span>
     <span class='ocr_line' id='line_1_8' title="bbox 186 1179 1292 1285; baseline -0.005 -28"><span class='ocrx_word' id='word_1_44' title='bbox 186 1183 387 1285; x_wconf 83' lang='lat' dir='ltr'><strong>conjunxit,</strong></span> <span class='ocrx_word' id='word_1_45' title='bbox 411 1183 536 1282; x_wconf 89' lang='lat' dir='ltr'><strong>suique</strong></span> <span class='ocrx_word' id='word_1_46' title='bbox 560 1181 640 1254; x_wconf 84' lang='lat' dir='ltr'><strong>aeri</strong></span> <span class='ocrx_word' id='word_1_47' title='bbox 655 1180 811 1276; x_wconf 84' lang='lat' dir='ltr'><strong>medicos</strong></span> <span class='ocrx_word' id='word_1_48' title='bbox 827 1181 865 1254; x_wconf 92' lang='lat' dir='ltr'><strong>in</strong></span> <span class='ocrx_word' id='word_1_49' title='bbox 881 1205 1030 1280; x_wconf 89' lang='lat' dir='ltr'><strong>operum</strong></span> <span class='ocrx_word' id='word_1_50' title='bbox 1047 1179 1292 1281; x_wconf 84' lang='lat' dir='ltr'><strong>Hippocratis,</strong></span> 
     </span>
     <span class='ocr_line' id='line_1_9' title="bbox 186 1297 1293 1399; baseline -0.003 -26"><span class='ocrx_word' id='word_1_51' title='bbox 186 1299 331 1394; x_wconf 81' lang='lat' dir='ltr'><strong>Galerii,</strong></span> <span class='ocrx_word' id='word_1_52' title='bbox 355 1313 392 1374; x_wconf 87' lang='lat' dir='ltr'><strong>et</strong></span> <span class='ocrx_word' id='word_1_53' title='bbox 416 1300 616 1372; x_wconf 86' lang='lat' dir='ltr'><strong>Avicerrnae</strong></span> <span class='ocrx_word' id='word_1_54' title='bbox 641 1297 929 1399; x_wconf 72' lang='lat' dir='ltr'><strong>{interpretatione</strong></span> <span class='ocrx_word' id='word_1_55' title='bbox 954 1297 1122 1372; x_wconf 83' lang='lat' dir='ltr'><strong>laudabili</strong></span> <span class='ocrx_word' id='word_1_56' title='bbox 1142 1299 1293 1399; x_wconf 78' lang='lat' dir='ltr'><strong>praeivit</strong></span> 
     </span>
     <span class='ocr_line' id='line_1_10' title="bbox 184 1417 1292 1521; baseline -0.002 -27"><span class='ocrx_word' id='word_1_57' title='bbox 184 1419 367 1521; x_wconf 82' lang='lat' dir='ltr'><strong>exemplo,</strong></span> <span class='ocrx_word' id='word_1_58' title='bbox 392 1446 413 1492; x_wconf 89' lang='lat' dir='ltr'><strong>a</strong></span> <span class='ocrx_word' id='word_1_59' title='bbox 438 1445 590 1520; x_wconf 89' lang='lat' dir='ltr'><strong>quorum</strong></span> <span class='ocrx_word' id='word_1_60' title='bbox 614 1417 764 1494; x_wconf 90' lang='lat' dir='ltr'><strong>heroum</strong></span> <span class='ocrx_word' id='word_1_61' title='bbox 778 1419 973 1520; x_wconf 71' lang='lat' dir='ltr'><strong>praeceptis</strong></span> <span class='ocrx_word' id='word_1_62' title='bbox 990 1417 1166 1492; x_wconf 84' lang='lat' dir='ltr'><strong>declinare</strong></span> <span class='ocrx_word' id='word_1_63' title='bbox 1181 1419 1292 1492; x_wconf 90' lang='lat' dir='ltr'><strong>etiam</strong></span> 
     </span>
     <span class='ocr_line' id='line_1_11' title="bbox 182 1537 1294 1640; baseline -0.002 -26"><span class='ocrx_word' id='word_1_64' title='bbox 182 1539 385 1640; x_wconf 80' lang='lat' dir='ltr'><strong>posterioris</strong></span> <span class='ocrx_word' id='word_1_65' title='bbox 402 1539 524 1612; x_wconf 86' lang='lat' dir='ltr'><strong>aetatis</strong></span> <span class='ocrx_word' id='word_1_66' title='bbox 541 1537 794 1639; x_wconf 70' lang='lat' dir='ltr'><strong>professoribus</strong></span> <span class='ocrx_word' id='word_1_67' title='bbox 811 1540 958 1613; x_wconf 85' lang='lat' dir='ltr'><strong>vetitum</strong></span> <span class='ocrx_word' id='word_1_68' title='bbox 976 1553 1060 1614; x_wconf 72' lang='lat' dir='ltr'><strong>erat.</strong></span> <span class='ocrx_word' id='word_1_69' title='bbox 1070 1538 1294 1613; x_wconf 52' lang='lat' dir='ltr'><strong>*Facultss</strong></span> 
     </span>
     <span class='ocr_line' id='line_1_12' title="bbox 182 1655 1359 1758; baseline -0.007 -26"><span class='ocrx_word' id='word_1_70' title='bbox 182 1657 320 1732; x_wconf 85' lang='lat' dir='ltr'><strong>medica</strong></span> <span class='ocrx_word' id='word_1_71' title='bbox 337 1663 410 1758; x_wconf 84' lang='lat' dir='ltr'><strong>jam</strong></span> <span class='ocrx_word' id='word_1_72' title='bbox 434 1655 574 1730; x_wconf 86' lang='lat' dir='ltr'><strong>saeculo</strong></span> <span class='ocrx_word' id='word_1_73' title='bbox 596 1655 720 1730; x_wconf 84' lang='lat' dir='ltr'><strong>eodem</strong></span> <span class='ocrx_word' id='word_1_74' title='bbox 742 1655 861 1757; x_wconf 90' lang='lat' dir='ltr'><strong>plures</strong></span> <span class='ocrx_word' id='word_1_75' title='bbox 884 1655 1183 1757; x_wconf 82' lang='lat' dir='ltr'><strong>complectebatur</strong></span> <span class='ocrx_word' id='word_1_76' title='bbox 1203 1655 1294 1730; x_wconf 68' lang='lat' dir='ltr'><strong>clas⁴</strong></span> <span class='ocrx_word' id='word_1_77' title='bbox 1356 1715 1359 1724; x_wconf 75' lang='grc'>,</span> 
     </span>
     <span class='ocr_line' id='line_1_13' title="bbox 184 1771 1335 1874; baseline 0 -24"><span class='ocrx_word' id='word_1_78' title='bbox 184 1795 262 1872; x_wconf 86' lang='lat' dir='ltr'><strong>ses,</strong></span> <span class='ocrx_word' id='word_1_79' title='bbox 286 1801 327 1850; x_wconf 87' lang='lat' dir='ltr'><strong>ac</strong></span> <span class='ocrx_word' id='word_1_80' title='bbox 352 1773 462 1848; x_wconf 87' lang='lat' dir='ltr'><strong>veluti</strong></span> <span class='ocrx_word' id='word_1_81' title='bbox 487 1773 636 1848; x_wconf 87' lang='lat' dir='ltr'><strong>Ordines</strong></span> <span class='ocrx_word' id='word_1_82' title='bbox 661 1771 869 1870; x_wconf 85' lang='lat' dir='ltr'><strong>hominum,</strong></span> <span class='ocrx_word' id='word_1_83' title='bbox 893 1775 955 1873; x_wconf 89' lang='lat' dir='ltr'><strong>qui</strong></span> <span class='ocrx_word' id='word_1_84' title='bbox 986 1773 1070 1848; x_wconf 85' lang='lat' dir='ltr'><strong>alias</strong></span> <span class='ocrx_word' id='word_1_85' title='bbox 1087 1788 1192 1874; x_wconf 79' lang='lat' dir='ltr'><strong>atque</strong></span> <span class='ocrx_word' id='word_1_86' title='bbox 1209 1771 1295 1848; x_wconf 83' lang='lat' dir='ltr'><strong>alias</strong></span> <span class='ocrx_word' id='word_1_87' title='bbox 1313 1811 1335 1850; x_wconf 59' lang='grc' dir='ltr'>η</span> 
     </span>
     <span class='ocr_line' id='line_1_14' title="bbox 184 1889 1297 1992; baseline -0.002 -25"><span class='ocrx_word' id='word_1_88' title='bbox 184 1892 380 1967; x_wconf 84' lang='lat' dir='ltr'><strong>medicinae</strong></span> <span class='ocrx_word' id='word_1_89' title='bbox 403 1905 519 1990; x_wconf 79' lang='lat' dir='ltr'><strong>partes</strong></span> <span class='ocrx_word' id='word_1_90' title='bbox 544 1889 765 1987; x_wconf 74' lang='lat' dir='ltr'><strong>tractabant3</strong></span> <span class='ocrx_word' id='word_1_91' title='bbox 788 1901 889 1963; x_wconf 88' lang='lat' dir='ltr'><strong>erant</strong></span> <span class='ocrx_word' id='word_1_92' title='bbox 913 1891 1009 1964; x_wconf 90' lang='lat' dir='ltr'><strong>enim</strong></span> <span class='ocrx_word' id='word_1_93' title='bbox 1033 1905 1069 1964; x_wconf 87' lang='lat' dir='ltr'><strong>et</strong></span> <span class='ocrx_word' id='word_1_94' title='bbox 1084 1892 1209 1988; x_wconf 65' lang='lat' dir='ltr'><strong>asadia</strong></span> <span class='ocrx_word' id='word_1_95' title='bbox 1218 1891 1297 1992; x_wconf 62' lang='lat' dir='ltr'><strong>pua</strong></span> 
     </span>
     <span class='ocr_line' id='line_1_15' title="bbox 182 2004 1293 2110; baseline 0.001 -27"><span class='ocrx_word' id='word_1_96' title='bbox 182 2035 329 2110; x_wconf 77' lang='lat' dir='ltr'><strong>ganan,</strong></span> <span class='ocrx_word' id='word_1_97' title='bbox 343 2010 417 2084; x_wconf 86' lang='lat' dir='ltr'><strong>sive</strong></span> <span class='ocrx_word' id='word_1_98' title='bbox 432 2007 585 2107; x_wconf 61' lang='lat' dir='ltr'><strong>cismigi</strong></span> <span class='ocrx_word' id='word_1_99' title='bbox 600 2015 612 2104; x_wconf 88' lang='lat'>(</span> <span class='ocrx_word' id='word_1_100' title='bbox 627 2007 760 2104; x_wconf 78' lang='lat'>1258),</span> <span class='ocrx_word' id='word_1_101' title='bbox 776 2022 812 2082; x_wconf 90' lang='lat' dir='ltr'><strong>et</strong></span> <span class='ocrx_word' id='word_1_102' title='bbox 827 2009 953 2082; x_wconf 51' lang='lat' dir='ltr'><strong>hredun</strong></span> <span class='ocrx_word' id='word_1_103' title='bbox 967 2004 1141 2104; x_wconf 76' lang='lat' dir='ltr'><strong>ocularr‘r‘(</strong></span> <span class='ocrx_word' id='word_1_104' title='bbox 1160 2011 1250 2084; x_wconf 72' lang='lat'><strong>1283</strong></span> <span class='ocrx_word' id='word_1_105' title='bbox 1264 2019 1293 2106; x_wconf 63' lang='lat'><strong>&gt;3</strong></span> 
     </span>
     <span class='ocr_line' id='line_1_16' title="bbox 186 2125 1297 2230; baseline -0.002 -28"><span class='ocrx_word' id='word_1_106' title='bbox 186 2141 223 2202; x_wconf 87' lang='lat' dir='ltr'><strong>st</strong></span> <span class='ocrx_word' id='word_1_107' title='bbox 247 2129 329 2228; x_wconf 84' lang='lat' dir='ltr'><strong>qui,</strong></span> <span class='ocrx_word' id='word_1_108' title='bbox 353 2127 391 2200; x_wconf 91' lang='lat' dir='ltr'><strong>in</strong></span> <span class='ocrx_word' id='word_1_109' title='bbox 415 2127 546 2201; x_wconf 90' lang='lat' dir='ltr'><strong>herniis</strong></span> <span class='ocrx_word' id='word_1_110' title='bbox 572 2126 735 2202; x_wconf 84' lang='lat' dir='ltr'><strong>curandis</strong></span> <span class='ocrx_word' id='word_1_111' title='bbox 759 2128 947 2228; x_wconf 85' lang='lat' dir='ltr'><strong>praecipue</strong></span> <span class='ocrx_word' id='word_1_112' title='bbox 964 2131 1148 2230; x_wconf 83' lang='lat' dir='ltr'><strong>occupati,</strong></span> <span class='ocrx_word' id='word_1_113' title='bbox 1170 2125 1297 2202; x_wconf 64' lang='lat' dir='ltr'><strong>aradaei</strong></span> 
     </span>
     <span class='ocr_line' id='line_1_17' title="bbox 184 2243 1293 2346; baseline 0 -24"><span class='ocrx_word' id='word_1_114' title='bbox 184 2260 403 2346; x_wconf 71' lang='lat' dir='ltr'><strong>aepulemur</strong></span> <span class='ocrx_word' id='word_1_115' title='bbox 427 2244 534 2345; x_wconf 79' lang='lat' dir='ltr'><strong>vulgo</strong></span> <span class='ocrx_word' id='word_1_116' title='bbox 558 2243 727 2346; x_wconf 85' lang='lat' dir='ltr'><strong>appellari</strong></span> <span class='ocrx_word' id='word_1_117' title='bbox 761 2260 1017 2320; x_wconf 80' lang='lat' dir='ltr'><strong>consueverant</strong></span> <span class='ocrx_word' id='word_1_118' title='bbox 1046 2248 1174 2346; x_wconf 77' lang='lat'><strong>(1289</strong></span> <span class='ocrx_word' id='word_1_119' title='bbox 1189 2253 1225 2343; x_wconf 68' lang='lat' dir='ltr'><strong>l,</strong></span> <span class='ocrx_word' id='word_1_120' title='bbox 1254 2261 1293 2322; x_wconf 90' lang='lat' dir='ltr'><strong>et</strong></span> 
     </span>
     <span class='ocr_line' id='line_1_18' title="bbox 187 2359 1292 2462; baseline 0.003 -26"><span class='ocrx_word' id='word_1_121' title='bbox 187 2361 331 2436; x_wconf 87' lang='lat' dir='ltr'><strong>tandem</strong></span> <span class='ocrx_word' id='word_1_122' title='bbox 366 2362 491 2443; x_wconf 77' lang='lat' dir='ltr'><strong>teredini</strong></span> <span class='ocrx_word' id='word_1_123' title='bbox 530 2359 677 2438; x_wconf 66' lang='lat' dir='ltr'><strong>barbcni</strong></span> <span class='ocrx_word' id='word_1_124' title='bbox 705 2362 829 2457; x_wconf 82' lang='lat'>(1283</span> <span class='ocrx_word' id='word_1_125' title='bbox 846 2369 881 2462; x_wconf 87' lang='lat'><strong>),</strong></span> <span class='ocrx_word' id='word_1_126' title='bbox 911 2363 1040 2438; x_wconf 89' lang='lat' dir='ltr'><strong>nostris</strong></span> <span class='ocrx_word' id='word_1_127' title='bbox 1073 2363 1292 2439; x_wconf 74' lang='lat' dir='ltr'><strong>barbitonss·</strong></span> 
     </span>
     <span class='ocr_line' id='line_1_19' title="bbox 184 2477 1295 2584; baseline 0.004 -32"><span class='ocrx_word' id='word_1_128' title='bbox 184 2477 281 2554; x_wconf 89' lang='lat' dir='ltr'><strong>ribus</strong></span> <span class='ocrx_word' id='word_1_129' title='bbox 296 2479 423 2582; x_wconf 84' lang='lat' dir='ltr'><strong>procul</strong></span> <span class='ocrx_word' id='word_1_130' title='bbox 444 2479 557 2556; x_wconf 89' lang='lat' dir='ltr'><strong>dubio</strong></span> <span class='ocrx_word' id='word_1_131' title='bbox 581 2506 709 2582; x_wconf 88' lang='lat' dir='ltr'><strong>parum</strong></span> <span class='ocrx_word' id='word_1_132' title='bbox 732 2481 937 2584; x_wconf 83' lang='lat' dir='ltr'><strong>superiores.</strong></span> <span class='ocrx_word' id='word_1_133' title='bbox 955 2483 1009 2556; x_wconf 88' lang='lat' dir='ltr'><strong>De</strong></span> <span class='ocrx_word' id='word_1_134' title='bbox 1024 2481 1133 2558; x_wconf 91' lang='lat' dir='ltr'><strong>modo</strong></span> <span class='ocrx_word' id='word_1_135' title='bbox 1154 2498 1295 2579; x_wconf 67' lang='lat' dir='ltr'><strong>umen,</strong></span> 
     </span>
     <span class='ocr_line' id='line_1_20' title="bbox 185 2597 1296 2700; baseline 0.004 -28"><span class='ocrx_word' id='word_1_136' title='bbox 185 2623 257 2698; x_wconf 89' lang='lat' dir='ltr'><strong>quo</strong></span> <span class='ocrx_word' id='word_1_137' title='bbox 282 2597 456 2674; x_wconf 77' lang='lat' dir='ltr'><strong>medicina</strong></span> <span class='ocrx_word' id='word_1_138' title='bbox 486 2599 641 2700; x_wconf 86' lang='lat' dir='ltr'><strong>practica</strong></span> <span class='ocrx_word' id='word_1_139' title='bbox 664 2597 785 2698; x_wconf 77' lang='lat' dir='ltr'><strong>doceri</strong></span> <span class='ocrx_word' id='word_1_140' title='bbox 809 2599 966 2698; x_wconf 85' lang='lat' dir='ltr'><strong>solebat,</strong></span> <span class='ocrx_word' id='word_1_141' title='bbox 989 2597 1079 2675; x_wconf 90' lang='lat' dir='ltr'><strong>nihil</strong></span> <span class='ocrx_word' id='word_1_142' title='bbox 1111 2603 1198 2676; x_wconf 85' lang='lat' dir='ltr'><strong>certi</strong></span> <span class='ocrx_word' id='word_1_143' title='bbox 1231 2603 1296 2676; x_wconf 64' lang='lat' dir='ltr'><strong>ha«</strong></span> 
     </span>
     <span class='ocr_line' id='line_1_21' title="bbox 183 2713 1314 2824; baseline 0.004 -34"><span class='ocrx_word' id='word_1_144' title='bbox 183 2713 332 2814; x_wconf 74' lang='lat' dir='ltr'><strong>bemus3</strong></span> <span class='ocrx_word' id='word_1_145' title='bbox 355 2716 500 2819; x_wconf 83' lang='lat' dir='ltr'><strong>ipseque</strong></span> <span class='ocrx_word' id='word_1_146' title='bbox 525 2717 781 2814; x_wconf 71' lang='lat' dir='ltr'><strong>Ferronrnrus,</strong></span> <span class='ocrx_word' id='word_1_147' title='bbox 805 2717 1091 2824; x_wconf 85' lang='lat' dir='ltr'><strong>adcuratissimtts</strong></span> <span class='ocrx_word' id='word_1_148' title='bbox 1116 2733 1314 2794; x_wconf 87' lang='lat' dir='ltr'><strong>caeterum·</strong></span> 
     </span>
     <span class='ocr_line' id='line_1_22' title="bbox 184 2835 1296 2940; baseline 0.005 -32"><span class='ocrx_word' id='word_1_149' title='bbox 184 2835 357 2912; x_wconf 81' lang='lat' dir='ltr'><strong>sartorum</strong></span> <span class='ocrx_word' id='word_1_150' title='bbox 383 2838 661 2913; x_wconf 80' lang='lat' dir='ltr'><strong>bononiensium</strong></span> <span class='ocrx_word' id='word_1_151' title='bbox 684 2838 859 2939; x_wconf 77' lang='lat' dir='ltr'><strong>scriptor,</strong></span> <span class='ocrx_word' id='word_1_152' title='bbox 882 2836 952 2914; x_wconf 88' lang='lat' dir='ltr'><strong>hoe</strong></span> <span class='ocrx_word' id='word_1_153' title='bbox 978 2854 1226 2940; x_wconf 78' lang='lat' dir='ltr'><strong>argumentum</strong></span> <span class='ocrx_word' id='word_1_154' title='bbox 1247 2843 1296 2914; x_wconf 58' lang='lat' dir='ltr'><strong>sis</strong></span> 
     </span>
     <span class='ocr_line' id='line_1_23' title="bbox 184 2954 532 3056; baseline 0 -26"><span class='ocrx_word' id='word_1_155' title='bbox 184 2954 295 3030; x_wconf 89' lang='lat' dir='ltr'><strong>lentio</strong></span> <span class='ocrx_word' id='word_1_156' title='bbox 319 2957 532 3056; x_wconf 84' lang='lat' dir='ltr'><strong>praeterivit.</strong></span> 
     </span>
    </p>

    <p class='ocr_par' dir='ltr' id='par_1_2' title="bbox 182 3065 1384 4476">
     <span class='ocr_line' id='line_1_24' title="bbox 233 3065 1296 3176; baseline 0.004 -32"><span class='ocrx_word' id='word_1_157' title='bbox 233 3073 291 3144; x_wconf 86' lang='lat' dir='ltr'><strong>Ex</strong></span> <span class='ocrx_word' id='word_1_158' title='bbox 313 3071 414 3146; x_wconf 83' lang='lat' dir='ltr'><strong>brevi</strong></span> <span class='ocrx_word' id='word_1_159' title='bbox 437 3072 549 3146; x_wconf 91' lang='lat' dir='ltr'><strong>hocce</strong></span> <span class='ocrx_word' id='word_1_160' title='bbox 573 3089 769 3176; x_wconf 85' lang='lat' dir='ltr'><strong>conspectu</strong></span> <span class='ocrx_word' id='word_1_161' title='bbox 794 3075 962 3150; x_wconf 79' lang='lat' dir='ltr'><strong>lristorleo</strong></span> <span class='ocrx_word' id='word_1_162' title='bbox 992 3065 1193 3150; x_wconf 86' lang='lat' dir='ltr'><strong>scholarum</strong></span> <span class='ocrx_word' id='word_1_163' title='bbox 1220 3095 1296 3148; x_wconf 66' lang='lat' dir='ltr'><strong>nsea</strong></span> 
     </span>
     <span class='ocr_line' id='line_1_25' title="bbox 185 3187 1297 3296; baseline 0.002 -32"><span class='ocrx_word' id='word_1_164' title='bbox 185 3187 369 3284; x_wconf 79' lang='lat' dir='ltr'><strong>dicarem,</strong></span> <span class='ocrx_word' id='word_1_165' title='bbox 391 3203 565 3291; x_wconf 79' lang='lat' dir='ltr'><strong>qnatenus</strong></span> <span class='ocrx_word' id='word_1_166' title='bbox 589 3189 753 3268; x_wconf 84' lang='lat' dir='ltr'><strong>clinicam</strong></span> <span class='ocrx_word' id='word_1_167' title='bbox 788 3194 981 3296; x_wconf 87' lang='lat' dir='ltr'><strong>respiciunt</strong></span> <span class='ocrx_word' id='word_1_168' title='bbox 1015 3193 1297 3290; x_wconf 80' lang='lat' dir='ltr'><strong>institutionem,</strong></span> 
     </span>
     <span class='ocr_line' id='line_1_26' title="bbox 185 3299 1295 3412; baseline 0.005 -32"><span class='ocrx_word' id='word_1_169' title='bbox 185 3299 368 3408; x_wconf 87' lang='lat' dir='ltr'><strong>sequentia</strong></span> <span class='ocrx_word' id='word_1_170' title='bbox 401 3309 645 3384; x_wconf 79' lang='lat' dir='ltr'><strong>innotescunt:</strong></span> <span class='ocrx_word' id='word_1_171' title='bbox 687 3337 715 3386; x_wconf 89' lang='lat' dir='ltr'><strong>r.</strong></span> <span class='ocrx_word' id='word_1_172' title='bbox 747 3310 874 3386; x_wconf 89' lang='lat' dir='ltr'><strong>Schola</strong></span> <span class='ocrx_word' id='word_1_173' title='bbox 907 3309 1033 3386; x_wconf 88' lang='lat' dir='ltr'><strong>Cnidia</strong></span> <span class='ocrx_word' id='word_1_174' title='bbox 1068 3324 1105 3384; x_wconf 90' lang='lat' dir='ltr'><strong>et</strong></span> <span class='ocrx_word' id='word_1_175' title='bbox 1130 3310 1203 3384; x_wconf 84' lang='lat' dir='ltr'><strong>Coa</strong></span> <span class='ocrx_word' id='word_1_176' title='bbox 1227 3335 1295 3412; x_wconf 88' lang='lat' dir='ltr'><strong>pro</strong></span> 
     </span>
     <span class='ocr_line' id='line_1_27' title="bbox 183 3423 1296 3526; baseline -0.001 -25"><span class='ocrx_word' id='word_1_177' title='bbox 183 3425 405 3502; x_wconf 86' lang='lat' dir='ltr'><strong>incunabulis</strong></span> <span class='ocrx_word' id='word_1_178' title='bbox 439 3423 614 3526; x_wconf 73' lang='grc' dir='ltr'><strong>κλὶνικης,</strong></span> <span class='ocrx_word' id='word_1_179' title='bbox 658 3447 721 3502; x_wconf 90' lang='lat' dir='ltr'><strong>seu</strong></span> <span class='ocrx_word' id='word_1_180' title='bbox 759 3429 955 3504; x_wconf 84' lang='lat' dir='ltr'><strong>medicinae</strong></span> <span class='ocrx_word' id='word_1_181' title='bbox 997 3427 1044 3502; x_wconf 86' lang='lat' dir='ltr'><strong>ad</strong></span> <span class='ocrx_word' id='word_1_182' title='bbox 1084 3427 1198 3502; x_wconf 90' lang='lat' dir='ltr'><strong>lectos</strong></span> <span class='ocrx_word' id='word_1_183' title='bbox 1239 3453 1296 3500; x_wconf 68' lang='lat' dir='ltr'><strong>sed</strong></span> 
     </span>
     <span class='ocr_line' id='line_1_28' title="bbox 183 3535 1297 3647; baseline 0 -29"><span class='ocrx_word' id='word_1_184' title='bbox 183 3569 327 3644; x_wconf 80' lang='lat' dir='ltr'><strong>grorum</strong></span> <span class='ocrx_word' id='word_1_185' title='bbox 362 3545 474 3620; x_wconf 88' lang='lat' dir='ltr'><strong>sactae</strong></span> <span class='ocrx_word' id='word_1_186' title='bbox 508 3559 545 3620; x_wconf 88' lang='lat' dir='ltr'><strong>et</strong></span> <span class='ocrx_word' id='word_1_187' title='bbox 578 3535 755 3647; x_wconf 76' lang='lat' dir='ltr'><strong>professae</strong></span> <span class='ocrx_word' id='word_1_188' title='bbox 792 3547 933 3647; x_wconf 78' lang='lat' dir='ltr'><strong>agnosci</strong></span> <span class='ocrx_word' id='word_1_189' title='bbox 967 3545 1092 3643; x_wconf 79' lang='lat' dir='ltr'><strong>debet3</strong></span> <span class='ocrx_word' id='word_1_190' title='bbox 1128 3546 1297 3619; x_wconf 86' lang='lat' dir='ltr'><strong>meritum</strong></span> 
     </span>
     <span class='ocr_line' id='line_1_29' title="bbox 183 3661 1295 3766; baseline 0 -30"><span class='ocrx_word' id='word_1_191' title='bbox 183 3661 452 3765; x_wconf 85' lang='lat' dir='ltr'><strong>Asclepiadum,</strong></span> <span class='ocrx_word' id='word_1_192' title='bbox 486 3677 523 3738; x_wconf 88' lang='lat' dir='ltr'><strong>et</strong></span> <span class='ocrx_word' id='word_1_193' title='bbox 546 3665 730 3765; x_wconf 86' lang='lat' dir='ltr'><strong>speciatim</strong></span> <span class='ocrx_word' id='word_1_194' title='bbox 761 3665 996 3766; x_wconf 87' lang='lat' dir='ltr'><strong>llippocratis.</strong></span> <span class='ocrx_word' id='word_1_195' title='bbox 1021 3695 1073 3722; x_wconf 89' lang='lat'><em>·-·-</em></span> <span class='ocrx_word' id='word_1_196' title='bbox 1098 3687 1131 3736; x_wconf 74' lang='lat' dir='ltr'><strong>a</strong></span> <span class='ocrx_word' id='word_1_197' title='bbox 1168 3661 1295 3736; x_wconf 81' lang='lat' dir='ltr'><strong>Schola</strong></span> 
     </span>
     <span class='ocr_line' id='line_1_30' title="bbox 183 3779 1297 3881; baseline -0.003 -27"><span class='ocrx_word' id='word_1_198' title='bbox 183 3779 417 3856; x_wconf 80' lang='lat' dir='ltr'><strong>Alexandrina</strong></span> <span class='ocrx_word' id='word_1_199' title='bbox 440 3782 623 3858; x_wconf 86' lang='lat' dir='ltr'><strong>historiam</strong></span> <span class='ocrx_word' id='word_1_200' title='bbox 648 3779 846 3858; x_wconf 89' lang='lat' dir='ltr'><strong>naturalem</strong></span> <span class='ocrx_word' id='word_1_201' title='bbox 869 3796 907 3856; x_wconf 90' lang='lat' dir='ltr'><strong>et</strong></span> <span class='ocrx_word' id='word_1_202' title='bbox 922 3781 1137 3855; x_wconf 84' lang='lat' dir='ltr'><strong>anatomiam</strong></span> <span class='ocrx_word' id='word_1_203' title='bbox 1151 3781 1297 3881; x_wconf 84' lang='lat' dir='ltr'><strong>potins,</strong></span> 
     </span>
     <span class='ocr_line' id='line_1_31' title="bbox 185 3898 1296 4002; baseline -0.003 -29"><span class='ocrx_word' id='word_1_204' title='bbox 185 3925 292 4000; x_wconf 58' lang='lat' dir='ltr'><strong>mam</strong></span> <span class='ocrx_word' id='word_1_205' title='bbox 322 3899 537 3974; x_wconf 87' lang='lat' dir='ltr'><strong>medicinam</strong></span> <span class='ocrx_word' id='word_1_206' title='bbox 564 3901 759 4001; x_wconf 86' lang='lat' dir='ltr'><strong>practicam</strong></span> <span class='ocrx_word' id='word_1_207' title='bbox 793 3924 1000 4002; x_wconf 84' lang='lat' dir='ltr'><strong>promovere</strong></span> <span class='ocrx_word' id='word_1_208' title='bbox 1033 3898 1147 4000; x_wconf 77' lang='lat' dir='ltr'><strong>juvit3</strong></span> <span class='ocrx_word' id='word_1_209' title='bbox 1181 3921 1296 3997; x_wconf 86' lang='lat' dir='ltr'><strong>panca</strong></span> 
     </span>
     <span class='ocr_line' id='line_1_32' title="bbox 184 4013 1291 4122; baseline -0.005 -28"><span class='ocrx_word' id='word_1_210' title='bbox 184 4045 269 4094; x_wconf 86' lang='lat' dir='ltr'><strong>vero</strong></span> <span class='ocrx_word' id='word_1_211' title='bbox 292 4024 367 4122; x_wconf 75' lang='lat' dir='ltr'><strong>ejus</strong></span> <span class='ocrx_word' id='word_1_212' title='bbox 391 4020 610 4094; x_wconf 85' lang='lat' dir='ltr'><strong>incrementa</strong></span> <span class='ocrx_word' id='word_1_213' title='bbox 635 4021 738 4094; x_wconf 91' lang='lat' dir='ltr'><strong>unice</strong></span> <span class='ocrx_word' id='word_1_214' title='bbox 776 4021 897 4094; x_wconf 68' lang='lat' dir='ltr'><strong>Saone</strong></span> <span class='ocrx_word' id='word_1_215' title='bbox 931 4013 1196 4118; x_wconf 86' lang='lat' dir='ltr'><strong>Empiricomm</strong></span> <span class='ocrx_word' id='word_1_216' title='bbox 1227 4015 1291 4090; x_wconf 90' lang='lat' dir='ltr'><strong>de·</strong></span> 
     </span>
     <span class='ocr_line' id='line_1_33' title="bbox 182 4131 1292 4238; baseline -0.006 -28"><span class='ocrx_word' id='word_1_217' title='bbox 182 4133 321 4210; x_wconf 90' lang='lat' dir='ltr'><strong>bentur.</strong></span> <span class='ocrx_word' id='word_1_218' title='bbox 344 4175 395 4197; x_wconf 86' lang='lat'><strong>-·</strong></span> <span class='ocrx_word' id='word_1_219' title='bbox 421 4137 454 4211; x_wconf 90' lang='lat'><strong>3.</strong></span> <span class='ocrx_word' id='word_1_220' title='bbox 490 4135 618 4212; x_wconf 88' lang='lat' dir='ltr'><strong>Schola</strong></span> <span class='ocrx_word' id='word_1_221' title='bbox 643 4135 958 4238; x_wconf 86' lang='lat' dir='ltr'><strong>Gandisaporensis</strong></span> <span class='ocrx_word' id='word_1_222' title='bbox 984 4149 1021 4208; x_wconf 91' lang='lat' dir='ltr'><strong>et</strong></span> <span class='ocrx_word' id='word_1_223' title='bbox 1053 4131 1292 4234; x_wconf 86' lang='lat' dir='ltr'><strong>Bagdndensis</strong></span> 
     </span>
     <span class='ocr_line' id='line_1_34' title="bbox 182 4250 1297 4357; baseline -0.001 -29"><span class='ocrx_word' id='word_1_224' title='bbox 182 4255 317 4356; x_wconf 88' lang='lat' dir='ltr'><strong>primae</strong></span> <span class='ocrx_word' id='word_1_225' title='bbox 352 4255 517 4352; x_wconf 81' lang='lat' dir='ltr'><strong>suerunt,</strong></span> <span class='ocrx_word' id='word_1_226' title='bbox 551 4281 641 4356; x_wconf 89' lang='lat' dir='ltr'><strong>quae</strong></span> <span class='ocrx_word' id='word_1_227' title='bbox 676 4257 802 4357; x_wconf 83' lang='lat' dir='ltr'><strong>praxin</strong></span> <span class='ocrx_word' id='word_1_228' title='bbox 837 4251 1113 4330; x_wconf 87' lang='lat' dir='ltr'><strong>rrosooomialern</strong></span> <span class='ocrx_word' id='word_1_229' title='bbox 1138 4277 1221 4324; x_wconf 81' lang='lat' dir='ltr'><strong>euna</strong></span> <span class='ocrx_word' id='word_1_230' title='bbox 1244 4250 1297 4328; x_wconf 77' lang='lat' dir='ltr'><strong>di·</strong></span> 
     </span>
     <span class='ocr_line' id='line_1_35' title="bbox 182 4365 1384 4476; baseline -0.001 -30"><span class='ocrx_word' id='word_1_231' title='bbox 182 4373 338 4476; x_wconf 87' lang='lat' dir='ltr'><strong>sciplinis</strong></span> <span class='ocrx_word' id='word_1_232' title='bbox 363 4373 510 4454; x_wconf 85' lang='lat' dir='ltr'><strong>medicis</strong></span> <span class='ocrx_word' id='word_1_233' title='bbox 535 4372 627 4447; x_wconf 78' lang='lat' dir='ltr'><strong>felici</strong></span> <span class='ocrx_word' id='word_1_234' title='bbox 652 4375 772 4448; x_wconf 88' lang='lat' dir='ltr'><strong>omine</strong></span> <span class='ocrx_word' id='word_1_235' title='bbox 807 4371 1018 4475; x_wconf 88' lang='lat' dir='ltr'><strong>copularunt</strong></span> <span class='ocrx_word' id='word_1_236' title='bbox 1030 4399 1045 4462; x_wconf 80' lang='lat'><strong>,-</strong></span> <span class='ocrx_word' id='word_1_237' title='bbox 1075 4369 1123 4443; x_wconf 90' lang='lat' dir='ltr'><strong>sit</strong></span> <span class='ocrx_word' id='word_1_238' title='bbox 1156 4365 1232 4442; x_wconf 88' lang='lat' dir='ltr'><strong>laus</strong></span> <span class='ocrx_word' id='word_1_239' title='bbox 1256 4381 1298 4444; x_wconf 84' lang='lat' dir='ltr'><strong>et</strong></span> <span class='ocrx_word' id='word_1_240' title='bbox 1366 4401 1384 4444; x_wconf 73' lang='lat' dir='ltr'><strong>a</strong></span> 
     </span>
    </p>
   </div>
   <div class='ocr_carea' id='block_1_2' title="bbox 182 4486 1297 4595">
    <p class='ocr_par' dir='ltr' id='par_1_3' title="bbox 182 4486 1297 4595">
     <span class='ocr_line' id='line_1_36' title="bbox 182 4486 1297 4595; baseline 0 -31"><span class='ocrx_word' id='word_1_241' title='bbox 182 4489 296 4568; x_wconf 88' lang='lat' dir='ltr'><strong>honos</strong></span> <span class='ocrx_word' id='word_1_242' title='bbox 322 4490 561 4590; x_wconf 83' lang='lat' dir='ltr'><strong>Nestorianis,</strong></span> <span class='ocrx_word' id='word_1_243' title='bbox 586 4505 694 4595; x_wconf 86' lang='lat' dir='ltr'><strong>atque</strong></span> <span class='ocrx_word' id='word_1_244' title='bbox 710 4489 828 4568; x_wconf 75' lang='lat' dir='ltr'><strong>Colitis</strong></span> <span class='ocrx_word' id='word_1_245' title='bbox 845 4487 1023 4586; x_wconf 65' lang='lat' dir='ltr'><strong>hubam,</strong></span> <span class='ocrx_word' id='word_1_246' title='bbox 1048 4487 1110 4590; x_wconf 84' lang='lat' dir='ltr'><strong>qui</strong></span> <span class='ocrx_word' id='word_1_247' title='bbox 1135 4486 1297 4590; x_wconf 76' lang='lat' dir='ltr'><strong>priorum</strong></span> 
     </span>
    </p>
   </div>
   <div class='ocr_carea' id='block_1_3' title="bbox 0 0 1618 5166">
    <p class='ocr_par' dir='ltr' id='par_1_4' title="bbox 0 0 1618 5166">
     <span class='ocr_line' id='line_1_37' title="bbox 0 0 1618 5166; baseline 0 0"><span class='ocrx_word' id='word_1_248' title='bbox 0 0 1618 5166; x_wconf 95' lang='lat' dir='ltr'><strong> </strong></span> 
     </span>
    </p>
   </div>
  </div>
 </body>
</html>
