3252 5166
302 469 399 570 pulla
425 483 521 546 veste
545 453 686 564 induti,
710 457 771 570 q'rn
797 461 929 542 adfines
954 465 1097 566 lugent,
1121 461 1315 566 improviso
1339 461 1417 536 sato

304 589 438 662 evivis
469 601 635 689 ereptos,
659 587 822 662 visuntur
849 611 914 685 per
949 583 1083 657 urbem.
1120 585 1265 658 Praeter
1301 584 1416 657 varias

303 703 529 808 apoplexiae,
553 720 628 778 erat
652 729 793 806 quoque
818 727 919 776 casus
945 703 1060 777 cordis
1085 701 1152 776 suh
1175 703 1248 776 irae
1272 727 1414 775 accessu

301 827 407 928 rupti.
431 824 674 934 ¹Occurrebant
698 821 799 924 plura
830 823 1023 924 specimina
1054 821 1343 920 angiostlrenia'e,
1379 835 1416 893 et

302 957 614 1044 snevrysmatum,
638 955 760 1016 exacto
784 967 907 1015 mense
933 945 1005 1042 jam
1030 953 1234 1014 memorata.

350 1059 562 1136 Constitutio
585 1057 854 1133 inflammatoris
878 1057 1038 1159 hyemis,
1062 1058 1149 1130 citra
1165 1083 1302 1131 morem
1326 1081 1412 1158 por·

300 1192 416 1274 recu,
443 1175 645 1254 notabiliter
667 1173 897 1250 defetiscitur,
918 1175 1006 1250 Inde
1020 1175 1414 1275 peripneumonicis-frc-

299 1314 447 1400 quentes
463 1297 624 1399 quidem,
639 1296 702 1370 sed
717 1295 887 1393 leviores,
901 1296 1018 1369 minus
1037 1291 1273 1395 periculosae,
1288 1297 1411 1394 paucis

298 1415 548 1518 phlebotomiis
572 1413 790 1516 superandae
807 1469 817 1509 ,
840 1414 879 1486 in
895 1414 1092 1514 pertinaces
1116 1413 1233 1512 potius
1248 1409 1412 1486 blennor-

297 1529 422 1610 rlroeas
447 1557 588 1634 pronae.
612 1527 713 1606 Duae
736 1531 954 1624 ammador,
977 1555 1052 1602 non
1076 1553 1221 1627 graves,
1244 1525 1327 1602 solis
1352 1529 1412 1603 de-

298 1652 407 1727 coctis
436 1649 721 1750 mucilaginosis,
761 1638 1013 1721 emulsionibus
1056 1638 1211 1741 oleosis,
1245 1635 1409 1719 lomentis

297 1781 335 1841 et
359 1767 568 1868 clysteribus
592 1765 852 1841 emollientibus
875 1763 976 1838 brevi
1000 1762 1166 1863 fugatae,
1190 1789 1261 1836 una
1285 1790 1408 1838 earum

297 1887 335 1960 in
359 1911 471 1986 puero
495 1885 769 1960 herniotomiam
792 1898 874 1957 ante
905 1909 1017 1958 annos
1053 1881 1200 1958 feliciter
1234 1909 1408 1986 perpesso.

347 2001 454 2094 Quod
477 1999 666 2102 specialem
690 2000 826 2075 adtinet
858 1997 1178 2075 inflammationem
1212 1997 1407 2101 topicaruni

296 2117 457 2195 indolem
491 2132 529 2192 et
564 2117 744 2212 formam,
779 2117 927 2190 eminuit
965 2113 1179 2191 camwhosa.
1214 2115 1408 2215 dragmae,

291 2235 523 2337 maedam,
548 2241 691 2322 trusos,
714 2247 750 2306 et
773 2231 1010 2333 ophthalmia
1043 2234 1270 2334 praecipuam
1304 2231 1406 2306 effor-

296 2351 444 2426 mabant
466 2351 672 2425 morborum
697 2349 923 2452 popularium
946 2350 1165 2452 phalangem
1182 2353 1281 2450 Ipsae
1291 2375 1407 2450 pneu-

295 2468 478 2542 monitides
495 2467 619 2544 obviae
642 2487 716 2544 non
732 2479 834 2542 erant
849 2468 953 2567 aliae,
968 2471 1036 2542 nisi
1053 2467 1271 2544 catarrhales.
1288 2464 1407 2541 Rheu-

295 2599 431 2660 mmm
454 2599 578 2661 contra
601 2587 725 2660 raritas
748 2585 856 2682 talis,
880 2601 921 2658 ut
945 2611 1011 2660 nec
1036 2588 1182 2662 unicum
1212 2587 1252 2660 in
1286 2601 1405 2661 nostra

295 2701 422 2780 Schola
446 2703 630 2779 obvenerit
653 2702 855 2804 exemplar,
878 2705 917 2776 in
941 2703 1154 2780 Nosocomio
1185 2705 1404 2806 paucissima.

343 2821 611 2898 Inclementiam
651 2805 888 2924 tempestatis,
922 2839 959 2898 et
994 2825 1251 2900 vicissitudines
1286 2841 1402 2900 atmo-

294 2927 463 3044 sphaerae
486 2943 719 3044 praecipuum
741 2943 862 3016 sistere
887 2957 924 3016 et
939 2927 1211 3039 catarrhum,
1236 2959 1272 3017 et
1297 2943 1404 3016 rheu-

294 3075 431 3136 matum
455 3057 613 3156 sontem,
636 3061 816 3134 tritissima
840 3073 894 3133 est
924 3059 1150 3155 observatio,
1169 3061 1255 3160 ipsis
1286 3059 1419 3162 proia-=

293 3178 349 3252 nis
372 3201 446 3251 non
470 3179 599 3274 ignota.
626 3173 704 3249 Cur
724 3191 843 3251 autem
867 3179 971 3252 modo
988 3175 1161 3266 rotandi,
1177 3178 1282 3252 niodo
1299 3175 1403 3251 rheu-

294 3299 446 3368 matismi
468 3294 687 3368 &merehem
712 3305 877 3384 teneant,
908 3307 1005 3372 extra
1036 3294 1263 3368 dubitationis
1279 3291 1405 3367 ¹aleam

293 3409 455 3488 nondum
478 3412 634 3512 positum
659 3425 721 3485 est
752 3411 953 3486 Multiiariis
983 3437 1024 3485 ac
1054 3413 1211 3513 repetitis
1240 3409 1405 3486 observa·

292 3525 449 3603 tionibus
472 3529 605 3625 innixi,
640 3553 783 3603 causam
813 3530 1093 3604 verisimiliorem
1128 3529 1234 3631 hujus
1271 3527 1404 3602 discre-

293 3648 434 3750 pantiae
475 3647 707 3749 supponimus
747 3649 786 3722 in
827 3651 926 3724 vario
960 3663 1055 3722 statu
1092 3647 1328 3722 electricitatis
1367 3662 1404 3720 ct

292 3763 512 3840 humiditatis
537 3766 859 3868 atmosphaericae,
883 3767 945 3868 qui
975 3767 1232 3842 vicissitudines
1267 3779 1407 3867 tempe-¹

294 3883 358 3957 risi
375 3895 411 3956 et
426 3881 748 3983 perfrigerationem
772 3909 843 3958 uua
868 3885 1074 3981 comitatur,
1088 3885 1293 3986 opinantes,
1309 3883 1406 3985 quod

293 4021 378 4100 sura
390 3999 513 4101 frigida
523 4056 533 4098 ,
544 4001 651 4096 sicea,
666 4001 821 4102 impura,
831 4015 867 4075 et
883 4004 1042 4101 negative
1055 4001 1216 4076 electrica
1233 3999 1404 4075 aestuanti

277 4103 433 4218 'borpml
457 4117 608 4192 admissa
633 4114 745 4192 tabem
768 4116 1030 4213 cotenhalemg'
1048 4143 1133 4193 aura
1162 4117 1307 4220 frigida,
1335 4117 1403 4190 hu·

292 4235 405 4334 mida,
428 4261 538 4338 pura,
562 4251 598 4312 et
621 4238 772 4339 positive
797 4238 959 4314 electi-ica
984 4265 1028 4313 ex
1053 4237 1201 4315 adverso
1238 4235 1401 4313 meusn-

294 4357 399 4428 tioom
435 4357 619 4457 progignit
656 4359 728 4434 Pro
766 4357 928 4433 catarrho
962 4359 1093 4434 sufficit
1134 4373 1407 4434 momentaneus

290 4471 460 4573 adflatus,
476 4501 542 4578 pro
558 4475 740 4558 rheumate
766 4477 966 4558 diuturnior
990 4479 1090 4582 ψυξις
1114 4479 1312 4598 requiritur.
1331 4477 1400 4553 Ca·
