3264 5194
318 328 386 410 r5o

309 451 361 549 gis
385 447 593 542 continuus,
616 443 681 518 etsi
706 469 771 546 per
795 443 888 520 vices
913 440 1160 540 exacerbatus,
1175 440 1241 516 snb
1259 456 1425 517 contrec-

310 565 442 645 tatione
466 568 658 663 iatensior,
679 567 865 640 comitatus
894 581 1125 667 permanente
1151 567 1261 666 partis
1278 563 1427 658 rubore,

309 704 476 786 tumore,
499 691 579 762 nisu
612 689 651 762 in
688 683 990 789 metamorphoses
1020 687 1225 786 organicas,
1254 699 1291 758 et
1325 685 1434 757 lehre

308 807 580 910 angiosthenica.
606 807 649 878 In
673 805 831 878 seeundo
855 830 940 878 casu
970 803 1074 878 dolor
1103 803 1330 897 intermittit,
1357 826 1427 900 per

308 953 468 1003 necessus
489 923 655 1018 invadit,
679 923 745 996 sub
771 937 868 996 tactu
892 949 967 998 non
992 923 1139 1018 crescit,
1167 921 1279 995 immo
1302 919 1424 1021 placa-

308 1059 395 1144 tur,
418 1041 524 1120 febris
548 1039 759 1144 plerumque
783 1067 907 1142 expers
932 1055 1000 1138 est,
1023 1038 1081 1116 vel
1106 1037 1317 1112 febriculoso
1344 1052 1424 1110 tan-

307 1177 386 1238 tum
410 1177 537 1255 motu,
561 1173 642 1256 ast,
666 1157 764 1259 quod
787 1157 902 1232 multo
927 1159 1171 1254 constantius,
1201 1155 1314 1233 turbis
1338 1181 1421 1228 ner-

201 1323 209 1345 ·
307 1285 400 1357 vosis
425 1296 462 1355 et
485 1273 713 1381 spasmodicis
729 1279 895 1378 stipatur,
910 1279 949 1350 in
966 1276 1154 1380 dynamica
1171 1279 1290 1378 potius
1305 1277 1424 1348 nitens

305 1401 506 1501 posthuma.
530 1399 628 1471 Inter
652 1395 851 1496 complures
876 1394 960 1468 alias
986 1395 1268 1470 circumstantias
1293 1392 1340 1468 ad
1362 1393 1421 1467 di-

306 1539 445 1600 versam
461 1517 594 1589 hancce
610 1513 802 1588 rheumatis
819 1511 975 1588 indolem
987 1511 1176 1616 specialem
1189 1511 1424 1587 contribuunt

240 1707 242 1716 ,
307 1635 463 1710 conditio
487 1633 665 1734 subjecti,
689 1645 794 1732 atque
819 1645 945 1704 natura
969 1630 1137 1706 substrati
1161 1629 1242 1732 plus
1259 1633 1424 1704 minusve
1497 1673 1502 1682 ·

170 1818 176 1836 ,
306 1750 480 1826 vasculosi
506 1764 542 1823 ct
565 1749 770 1844 irritabilis,
794 1747 852 1822 rel
876 1749 1016 1824 nervosi
1047 1763 1086 1823 et
1114 1748 1296 1824 sensibilis.
1322 1749 1425 1821 Licet

306 1869 532 1943 membranae
556 1893 694 1942 serosae
719 1863 851 1967 ubique
875 1865 1026 1946 eandem
1050 1881 1226 1942 texturam
1256 1879 1293 1940 et
1324 1891 1425 1965 orga-

306 1989 516 2061 nisationem
542 1985 721 2080 habeant,
745 2009 766 2056 a
790 1983 926 2060 levibus
952 1998 1072 2058 tamen
1101 1983 1423 2058 modificationibus

307 2106 515 2204 neutiquam
539 2117 623 2175 sunt
639 2103 834 2198 immunes,
850 2101 984 2203 hasque
1001 2102 1069 2177 illis
1094 2101 1260 2179 conciliat
1283 2099 1421 2176 indoles

308 2223 447 2322 organi,
471 2235 533 2294 aut
557 2221 720 2318 visceris,
743 2227 844 2323 cujus
869 2221 1063 2296 amiculum
1087 2221 1250 2296 formant
1276 2219 1356 2314 Qua
1371 2219 1419 2294 de

308 2365 347 2414 re
373 2339 615 2414 rheumatismi
643 2337 912 2438 musculorum,
942 2347 1214 2442 juncturarum,
1249 2340 1422 2443 pleurae,

308 2459 529 2562 pontumal,
557 2460 708 2532 maxime
732 2461 770 2533 in
794 2459 960 2562 subjectis
985 2459 1219 2560 pletboricis,
1252 2475 1289 2534 et
1326 2465 1425 2562 jure-

308 2575 439 2652 nilibus
474 2583 652 2676 ingenium
675 2577 985 2673 r'nstammatoriwn
1016 2577 1227 2678 (Phlogosis
1253 2577 1421 2670 rheuma-

305 2699 375 2772 tiea
392 2703 431 2793 l,
457 2737 509 2756 -·
538 2694 589 2768 illi
624 2709 747 2771 contra
783 2721 1009 2793 nervorum,
1043 2694 1205 2794 cerebri,
1245 2696 1422 2772 medullae

304 2815 475 2916 spinalis,
507 2827 544 2887 et
577 2839 789 2914 organorum
825 2811 1102 2911 sensiferorum,
1136 2817 1344 2916 praeprimis
1380 2817 1422 2890 in

304 2933 481 3008 debilibus
497 2949 534 3009 et
548 2931 827 3036 provectioribus
851 2934 1044 3010 individuis
1066 2936 1424 3012 neam-erethba'cum

302 3049 538 3127 characterem
562 3049 730 3152 (Algema
754 3051 1038 3146 rheumatieum)
1063 3053 1318 3153 manifestant,
1341 3071 1424 3130 utut

304 3189 419 3269 neque
443 3169 555 3245 hoece
579 3169 618 3242 in
642 3194 726 3242 casu
749 3182 930 3270 postremo
954 3171 1053 3244 omni
1078 3185 1221 3244 careant
1244 3173 1418 3274 sympho-

302 3313 421 3362 reseos
444 3289 579 3362 activae
603 3285 754 3383 notula,
778 3311 819 3360 ac
844 3287 926 3362 ideo
950 3286 1066 3362 latiori
1090 3287 1218 3364 saltem
1248 3291 1286 3364 iu
1311 3313 1418 3366 sensu

299 3401 624 3506 Nevrbymenitidis
649 3429 781 3479 nomen
806 3405 875 3480 sibi
899 3405 1131 3480 vindicarent

354 3523 410 3597 Ex
434 3521 531 3596 hisce
554 3525 627 3623 jam
651 3522 833 3621 principiis
854 3511 1072 3596 innostrum
1096 3549 1220 3598 casum
1244 3527 1423 3602 conversis

305 3635 460 3712 elucebit
483 3637 618 3732 morbi,
635 3639 688 3710 uti
712 3663 791 3711 eam
815 3638 917 3712 nobis
944 3638 1163 3738 effinximus,
1192 3641 1289 3740 idea,
1316 3657 1423 3746 atquc

305 3754 551 3857 justificabitur
573 3754 741 3830 medendi
757 3756 865 3856 ratio,
881 3755 1039 3856 diagnosi
1055 3757 1214 3861 adprime
1230 3759 1361 3836 innixa
1372 3803 1424 3819 -

304 3873 386 3949 Noa
411 3899 580 3974 negamus
604 3873 796 3976 equidem,
820 3875 972 3950 multam
1001 3875 1060 3950 hic
1091 3877 1268 3955 subfuisse
1299 3880 1421 3956 analo·

303 3994 397 4093 giam
412 4006 449 4066 et
464 3993 710 4092 cognationem
726 4019 809 4067 cum
824 3991 884 4066 illa
902 3994 1018 4095 speeie
1036 3993 1295 4096 ophthalmiae,
1310 4025 1422 4100 quam
1454 4053 1458 4060 =

308 4111 468 4187 Ocularii
502 4109 652 4208 medin,
686 4112 731 4186 de
766 4137 895 4188 vocum
930 4113 1136 4214 euphonia,
1169 4116 1423 4215 grammaticali

226 4257 231 4269 ·
306 4231 568 4330 corrvenientia,
584 4245 620 4304 et
636 4227 880 4332 philosophica
896 4231 1164 4308 nomenclatura
1179 4259 1308 4334 parum
1329 4233 1423 4310 solll-

305 4349 384 4444 citi,
399 4349 557 4424 In'tidem
574 4347 790 4422 ανθιήαῐαιη
814 4363 965 4446 vocant,
981 4351 1100 4452 (quod
1124 4351 1220 4426 idem
1245 4367 1364 4450 sonat,
1380 4379 1423 4427 ac

304 4465 535 4546 inflammatio
559 4467 756 4544 articularis
782 4469 1006 4546 membranae
1030 4469 1128 4548 iridis
1144 4477 1178 4572 >5
1197 4517 1248 4534 -
1268 4474 1421 4550 maxims
