3228 5166
1246 392 1286 442 rr

179 482 358 584 servisque
382 477 588 556 humillimis
613 478 886 580 exercitaretur,
920 509 940 556 ι
976 483 1114 562 civibus
1142 486 1290 561 orunirro

180 603 348 702 neglecta.

231 719 340 816 Quod
363 716 542 795 molliores
566 731 660 792 ortes
686 718 878 819 antiquitus
915 717 1047 794 Romae
1077 721 1294 826 negligerem

180 851 261 931 tur,
275 837 444 912 bellicum
459 834 610 910 iaciebat
625 836 737 936 gentis
754 849 881 910 nature
902 851 938 910 et
962 837 1156 916 alienarum
1170 869 1293 920 rerum

181 951 390 1052 contemtio,
412 953 533 1033 literne
558 953 673 1051 enim,
697 979 788 1055 qnae
813 953 1016 1030 felicitatem
1036 957 1216 1059 publicam
1230 985 1292 1036 or-

181 1059 269 1148 naut
292 1088 329 1147 et
352 1069 517 1169 irruant,
540 1071 637 1174 pacis
663 1071 809 1148 comites
834 1087 939 1171 sunt,
971 1075 1011 1148 iu
1045 1078 1230 1152 commotis
1254 1091 1292 1154 et

181 1191 331 1266 turbidis
347 1191 451 1266 rebus
468 1192 732 1288 conticescunt,
748 1205 854 1292 atque
869 1193 1086 1270 sordescunt
1111 1193 1200 1270 Inde
1215 1221 1294 1270 rua-r

181 1335 291 1408 gnum
313 1309 406 1382 inter
429 1309 582 1382 Graecos
588 1309 780 1408 ,inprimis
800 1309 1029 1386 Atlrtrrieuses
1047 1323 1084 1386 et
1108 1311 1287 1386 Romanos

181 1429 370 1504 discrimen
393 1427 477 1506 oriri
501 1429 695 1504 necentur-io
720 1427 862 1526 debuit,
886 1429 977 1504 utin
992 1423 1061 1504 illis
1078 1427 1293 1530 elegantius,

180 1547 219 1622 ln
234 1547 289 1622 bis
313 1547 448 1620 firmius
472 1557 564 1623 esset
587 1545 847 1645 ingenium-⁶
861 1545 914 1622 illi
930 1545 1086 1646 volucri,
1102 1561 1139 1622 et
1160 1547 1291 1648 cupida

181 1665 392 1764 cogitatione
421 1661 640 1740 adorarem
671 1657 972 1765 pulchritudinem
1001 1603 1293 1766 mpdrenmr,br

180 1797 330 1858 strenue
349 1803 475 1884 corpus
498 1779 678 1856 laboribus
702 1781 914 1879 exercendo,
935 1781 1097 1858 militiam
1122 1797 1158 1858 et
1182 1785 1292 1860 virtri-

181 1915 257 1976 tem
280 1899 443 1976 colerent.
466 1895 575 1976 Ubi
564 1913 684 2003 utrque
710 1901 836 1976 Graeci
876 1899 1020 1974 lsouues
1051 1899 1294 2001 reliquerunt,-

182 2019 394 2093 allomarris
418 2019 642 2094 resarciuatio
667 2045 789 2092 earnm
822 2017 920 2092 baud
956 2019 1172 2119 expectanda
1204 2037 1291 2096 erut.

184 2141 407 2243 Quapropter
423 2145 503 2243 jam
524 2141 716 2236 Potrrrus,
748 2141 934 2245 Dronrsrus
968 2138 1287 2237 Entellinorum,

180 2270 219 2334 et
242 2261 379 2334 Srrrsro
403 2259 644 2336 Romanorum
667 2258 706 2332 in
730 2257 890 2358 sugendo
914 2257 1063 2358 imperio
1079 2257 1289 2359 sapientium

32 2443 38 2454 .
181 2375 344 2454 leudibus
369 2370 778 2474 excellentiarum
813 2391 933 2452 tamen
960 2375 1069 2452 literis
1099 2375 1212 2453 silent
1238 2377 1291 2452 Rc
1362 2371 1365 2376 ’

182 2493 327 2596 quidem
350 2521 434 2570 vera
457 2495 596 2596 potisis,
620 2494 817 2598 eloquentia
843 2507 880 2568 et
913 2489 1057 2572 luctoria
1091 2509 1193 2590 sexto,
1213 2497 1289 2594 pri·

181 2637 282 2688 urum
303 2629 387 2716 post
410 2612 537 2690 urbem
560 2612 740 2689 conditam
764 2611 903 2690 saeculo
927 2610 1051 2690 llorere
1076 2629 1292 2712 coeperunt,

181 2757 363 2808 summum
396 2729 592 2834 splendoris
630 2731 773 2808 eulmen
809 2733 969 2808 Aueusrr
1006 2731 1163 2808 croam
1198 2755 1290 2806 aero

182 2849 355 2950 adeptae,
378 2849 476 2951 quod
498 2847 581 2926 ideo
605 2875 752 2926 aureum
775 2864 932 2926 vocatur.

234 2962 410 3040 Medicina
423 2991 546 3068 ,quae
571 2957 754 3067 hueusque
770 2965 881 3042 veluti
903 2963 974 3039 situ
999 2961 1154 3040 obductu
1178 2910 1294 3064 squel-

184 3079 272 3176 luit,
295 3021 443 3156 eanderb
468 3107 551 3156 euru
575 3082 719 3184 reliquis
742 3081 845 3156 bouis
871 3081 1005 3156 ortibus
1040 3093 1173 3154 sortem
1195 3080 1293 3154 subi

184 3199 258 3296 rit,
281 3223 367 3272 cum
390 3200 531 3274 nonnisi
553 3197 621 3274 sub
638 3199 822 3275 dominatu
838 3201 1116 3303 Imperatorum,
1137 3200 1204 3272 etsi
1219 3224 1293 3274 nou

184 3315 365 3416 divinam,
388 3317 483 3421 quali
509 3319 606 3422 apud
629 3319 756 3422 Graios
779 3323 891 3422 potita
917 3335 987 3419 est,
1010 3319 1203 3396 bernonem
1237 3335 1292 3396 ra-

183 3461 269 3510 meu
293 3434 502 3538 digrritetem
526 3439 754 3542 recuperarit.
778 3440 859 3514 Jam
888 3437 1012 3516 Jurrrrs
1046 3440 1201 3536 mesu,
1224 3467 1292 3542 pro
1325 3445 1331 3454 ‘

183 3578 249 3626 eno
273 3553 311 3626 in
336 3567 427 3628 artes
452 3553 612 3630 liberales
636 3581 779 3654 amore,
802 3583 924 3632 omnes
955 3557 1089 3633 Romae
1117 3559 1293 3660 professos

184 3665 361 3769 medicos,
384 3671 531 3749 Athenis
555 3676 761 3773 venientes,
782 3703 855 3778 quo
877 3675 1058 3758 lubentius
1074 3689 1111 3750 et
1129 3676 1196 3778 ipsi
1221 3677 1293 3752 Ur-

183 3784 268 3862 bem
291 3787 505 3888 inoolereut,
529 3791 671 3868 eivimte
701 3791 855 3869 domuit
885 3793 1074 3868 Arrousrus
1114 3793 1296 3867 medicum

185 3927 314 4002 suum,
336 3905 527 3982 Aurornurr
562 3907 716 4006 Meus,
748 3907 796 3984 ob
830 3908 1069 4010 periculosum
1102 3911 1296 4005 morbum,
1444 3931 1452 3950 ’

184 4047 293 4124 quem
315 4037 404 4125 potu
427 4023 631 4127 balneisque
656 4027 789 4127 frigidis
813 4027 962 4104 feliciter
985 4027 1190 4130 dissipavit,
1214 4029 1296 4099 insi·

98 4164 101 4176 ·
184 4145 310 4244 guibus
341 4145 590 4224 condecoravit
622 4145 824 4224 bonoribus.
850 4147 962 4225 Paulo
996 4149 1106 4226 serius
1141 4145 1294 4221 Arubiu-

184 4277 258 4338 trus
281 4265 461 4342 institutos
483 4266 588 4342 trisse
604 4279 755 4364 constat,
771 4264 842 4370 quo
858 4267 1003 4369 quidem
1026 4263 1130 4340 titulo
1152 4265 1294 4338 brono·

185 4401 343 4476 neonus,
366 4379 516 4458 Neronis
540 4381 698 4458 medicus
724 4385 792 4477 (Α.
804 4381 853 4478 54
869 4409 904 4484 p.
922 4383 1044 4480 Che),
1059 4381 1193 4484 primns
1209 4383 1294 4456 insr-

183 4497 300 4596 guitur
317 4501 480 4580 emunit
493 4499 826 4580 -trclriarrorum
841 4499 1021 4600 nonnulli,
1037 4523 1058 4576 e
1075 4501 1294 4607 temporibus
