3264 5194
335 239 402 330 ¹¹l²

327 379 496 430 nervosae
520 353 613 428 illius
637 355 809 457 passionis
834 353 989 433 ιιιιιΙΙιιιιι
1003 355 1162 532 posuit,
1196 351 1290 426 ultro
1323 349 1438 426 absti-

326 497 413 546 nere
437 474 655 574 promittens.
759 538 780 550 ,ι

377 592 475 664 Inter
498 589 752 690 aegritudines,
782 617 892 691 quae,
929 619 950 666 e
985 520 1185 666 domesticis
1219 601 1256 664 st
1289 587 1439 689 privatis

328 711 441 784 oausis
465 709 657 804 oriundae,
680 710 824 807 singulis
837 725 976 794 tantum
992 711 1201 786 insidiantur
1221 705 1441 803 individuis,

328 827 478 927 ideoque
502 825 702 928 sporadicae
726 827 891 928 audiunt,
919 827 1155 904 memorabilis
1179 827 1278 902 omni
1299 825 1435 897 iutuitu

328 945 396 1018 lirit
423 971 523 1018 casus
557 943 902 1048 Optrtatnodyntae
938 947 1333 1024 rdcunmtico-mnusae
1344 995 1361 1030 ,
1395 939 1437 1011 in

326 1061 528 1142 amaurosin
552 1075 588 1135 et
612 1059 794 1162 glaucoma
818 1091 1032 1162 conversae,
1061 1091 1189 1166 quem,
1217 1059 1438 1164 hypotyposi

327 1177 537 1280 praemissa,
561 1177 774 1258 adcuratiori
797 1183 1041 1283 perquisitioni
1069 1180 1241 1283 subjicere
1276 1204 1349 1252 uon
1377 1177 1437 1278 pi·

328 1297 426 1395 guit,
441 1297 599 1396 proprias
616 1296 786 1397 quasdam
802 1299 1042 1380 intemeranda
1061 1299 1256 1400 epicritioas
1278 1295 1439 1370 animad-

328 1415 515 1488 versiones.
540 1415 656 1490 Densa
680 1417 776 1495 enim
800 1415 931 1517 caligo,
955 1442 1045 1518 quae
1060 1430 1244 1512 uatrrram,
1267 1429 1304 1487 et
1327 1438 1436 1488 nuso-

328 1518 467 1632 geniem
490 1531 762 1634 Nerralgiarum·
778 1533 938 1632 obvelat,
962 1561 1130 1635 magnum
1154 1558 1238 1606 sane
1268 1529 1439 1630 relinquit

327 1649 561 1752 desiderium,
576 1665 617 1725 ιιι
632 1649 731 1726 nulla
746 1653 1044 1754 praetermittatur
1064 1649 1324 1752 opportunitas,
1344 1672 1438 1746 quae

329 1767 419 1846 tucis
459 1767 696 1870 particulam,
737 1771 803 1851 eui
836 1769 1028 1844 suhlestem
1065 1782 1227 1865 tantum,
1256 1765 1439 1840 foenerare

330 1886 451 1987 possit

378 2003 542 2102 Rustica,
565 2001 619 2078 56
650 2029 847 2101 annorum,
881 2003 1150 2107 temperamenti
1183 1997 1439 2103 phlegmatici,

330 2121 472 2200 habitus
497 2119 675 2195 macilenti
698 2135 736 2196 et
746 2195 748 2200 ,
759 2120 970 2219 cachectici,
985 2123 1164 2222 regionem
1179 2117 1336 2199 incolens
1352 2137 1438 2218 ory-

329 2240 452 2335 uariis,
476 2252 513 2312 et
535 2237 684 2339 prolutis
707 2241 816 2341 pratis
840 2240 1069 2337 ditissimam,
1098 2236 1292 2341 juventutis
1322 2235 1436 2310 curri·

331 2355 453 2432 culum
477 2369 667 2456 egestatem
689 2359 782 2432 inter
806 2371 842 2431 et
866 2372 1078 2458 campestres
1093 2357 1230 2434 labores
1252 2355 1439 2453 transegit,

330 2478 421 2577 quin
445 2477 503 2550 vel
528 2477 714 2556 minimum
738 2476 821 2551 inde
845 2479 1000 2554 secunda
1025 2483 1100 2581 ejus
1129 2477 1296 2555 valetudo
1324 2475 1436 2576 cepis-

331 2607 386 2666 set
410 2592 670 2672 detrimentum.
695 2593 750 2668 Ab
766 2593 834 2668 -illa
858 2623 943 2670 vero
968 2597 1103 2698 epocha
1120 2652 1130 2694 ,
1146 2623 1216 2698 qua
1234 2596 1438 2696 nuptiarum

330 2703 480 2788 allectus
505 2715 613 2790 altera
638 2715 716 2794 vico
740 2729 794 2789 est
818 2731 980 2818 experta,
1003 2718 1042 2790 iu
1065 2717 1201 2791 labrem
1223 2715 1349 2792 incidit
1372 2726 1441 2787 ter-

335 2832 495 2932 tianam,
519 2858 610 2933 quae
646 2859 710 2934 per
746 2847 862 2914 totum
897 2835 1111 2934 graviditatis
1145 2833 1334 2910 decursum
1356 2859 1439 2934 prov
1545 2865 1550 2872 ·

331 2961 443 3022 tracta
468 2950 611 3026 evanuit
635 2949 778 3050 quidem
794 2951 893 3051 prole
910 2953 1032 3049 enixa,
1049 2966 1086 3026 at
1100 2967 1299 3029 revertente
1313 2953 1438 3054 quovis

330 3090 453 3139 mense
476 3067 633 3166 Augusto
658 3067 786 3144 redivit
810 3095 921 3170 usque
946 3070 992 3150 ad
1008 3085 1158 3151 aetatem
1174 3070 1222 3147 53
1245 3095 1439 3166 annorum,

330 3182 440 3257 modo
463 3207 527 3283 per
551 3183 814 3282 hebdomadas,
838 3185 946 3266 mode
979 3215 1044 3289 per
1073 3213 1211 3266 memes
1245 3187 1439 3284 divexans,

331 3321 428 3371 nunc
452 3311 577 3400 sponte
602 3325 839 3398 evanescens,
863 3329 958 3378 uuuc
987 3307 1227 3413 antipyreticis
1261 3305 1437 3382 suffocata.

332 3414 479 3490 Interim
511 3429 630 3495 tamen
654 3443 769 3520 neque
800 3417 845 3500 ab
880 3421 956 3494 aliis
986 3423 1153 3504 immunis
1188 3425 1275 3500 vixit
1311 3419 1438 3518 melis,

329 3530 524 3632 hystericas
549 3535 699 3624 maxime
725 3535 864 3635 turbas,
885 3552 921 3612 et
945 3539 1149 3641 oeplralaeas
1165 3541 1305 3616 crebras
1328 3563 1437 3641 passa.
1465 3547 1468 3552 '

330 3651 534 3754 Erysipelas
568 3653 667 3728 faciei
702 3682 785 3734 cum
824 3659 947 3760 quinta
986 3687 1181 3763 congruens
1217 3661 1436 3761 gestatione,
1465 3755 1467 3764 γ

331 3783 416 3868 apto
440 3771 607 3870 regimine
632 3772 807 3848 fortunate
842 3775 1049 3880 dissipatum
1084 3779 1159 3854 suit.
1191 3779 1437 3878 Quadragene·

332 3889 421 3962 nam
445 3889 602 3965 adoritur
626 3891 729 3974 dolor
752 3895 910 3969 intensus
934 3898 971 3970 iu
997 3896 1102 3973 oculo
1132 3897 1284 3996 dextro,
1318 3893 1438 3998 paucis

332 4009 477 4109 quidem
501 4011 639 4086 nonnisi
664 4011 772 4096 horae
795 4015 954 4116 scripulis
978 4019 1187 4117 persistens,
1203 4031 1258 4091 ast
1283 4015 1439 4118 frequen·

333 4128 467 4202 tissime
497 4129 588 4202 iutra
618 4128 714 4210 diem
748 4131 862 4208 reditu
897 4147 997 4214 tauto
1029 4135 1140 4236 magis
1177 4133 1355 4210 molestus.
1385 4133 1438 4207 Er

332 4245 467 4345 templo
490 4247 659 4342 everruit,
683 4248 897 4349 postliminio
922 4253 1124 4351 rediturus,
1147 4255 1346 4356 iterumque
1365 4243 1447 4326 sine·

334 4361 460 4437 medici
486 4363 697 4444 adminiculo
723 4383 927 4448 cessaturus.
953 4373 1285 4477 Quinquagesimam
1310 4371 1438 4476 pertiu-
