3158 6116
176 388 389 462 initianti
415 385 540 461 morbo
566 383 697 487 opponi
723 389 913 489 potuisset,
943 407 1058 492 neque
1084 387 1207 492 allud,
1240 277 1346 494 quirini

173 533 318 580 mere
351 497 575 607 palliativum
594 506 807 606 praesidium
823 507 1095 608 suppeditasset,
1121 529 1229 610 sapio
1247 524 1346 584 tanto
1364 593 1367 600 ⁴

172 625 361 696 miuus,
379 623 593 724 sperandum
619 637 718 719 erat,
743 624 840 724 quod
865 628 1043 726 congestio
1070 629 1259 727 sanguinea
1284 630 1349 700 mi-

173 745 342 816 nimos
376 755 514 814 tantum
540 759 703 814 vasorum
729 741 888 815 surculos
913 759 1167 845 occupaverat,
1203 743 1352 817 absente

178 862 317 932 omrai
358 857 508 932 diathesi
525 857 752 958 plrlogistica,
777 873 883 960 atque
900 859 1087 934 universali
1104 862 1233 936 virium
1251 887 1351 935 exor-

181 978 394 1051 bitantia.
419 979 569 1077 Insuper
592 990 704 1048 status
735 977 1018 1078 symplroreticus
1038 979 1304 1052 ¹intestinorum
1328 1003 1350 1050 a

187 1095 561 1172 veaaaesectionibus
579 1094 717 1174 nullum
734 1094 895 1170 levamen
913 1099 1082 1198 cepisset,
1098 1105 1213 1171 stante
1230 1121 1351 1192 causa,

192 1239 316 1315 quae
353 1207 458 1286 illum
491 1211 658 1312 produxit
686 1225 723 1286 et
755 1201 862 1308 fovit,
897 1213 1104 1288 mechanico
1141 1227 1265 1316 utpote
1289 1239 1349 1314 gas

199 1323 372 1404 clastici
398 1345 435 1404 et
458 1344 653 1403 stercorum
678 1328 896 1436 reclusorum
921 1331 1074 1406 stimulo.
1100 1333 1142 1404 ln
1167 1332 1273 1432 huius
1297 1355 1351 1405 re-

203 1450 396 1524 motione
430 1447 534 1521 unice
569 1444 782 1520 consistebat
816 1449 931 1522 omnis
973 1447 1130 1524 medelae
1171 1447 1350 1522 rationulis

207 1582 377 1668 scopus.
401 1598 452 1622 -·
477 1563 584 1658 Quod
608 1579 693 1640 rem
719 1564 854 1640 adtinet
872 1564 1145 1668 pepb'rationem
1169 1570 1350 1640 intestino-

212 1703 309 1758 mm
320 1725 338 1779 >
369 1703 451 1758 acus
477 1684 669 1784 triquetrae
698 1708 766 1785 ope
797 1683 1072 1780 instituendam,
1108 1683 1162 1756 'uti
1186 1681 1349 1756 nonnulli

215 1815 446 1895 suaserunt,
461 1798 576 1874 multo
593 1800 751 1900 graviore
768 1801 969 1874 renituntur
985 1814 1199 1902 argumenta.
1218 1825 1245 1875 1.
1261 1795 1352 1876 Prae

220 1921 309 1995 aliis
338 1909 567 1996 determinari
584 1919 707 2022 nequit
721 1915 820 1995 locus
837 1935 903 2022 pro
919 1921 1134 2022 paracentesi
1152 1915 1352 2020 eligendus,

223 2041 402 2138 etenim,
416 2028 502 2114 licet
527 2037 703 2113 abdomen
727 2039 956 2141 aequabiliter
984 2055 1131 2114 *ternum
1155 2037 1349 2142 adpareat,

226 2177 464 2261 nequaquam
490 2165 585 2232 totns
611 2170 743 2230 traet'ue
768 2157 1015 2232 intestinorum
1044 2149 1186 2231 inllutus
1216 2181 1348 2258 suppo·

228 2276 390 2352 nendos.
414 2319 465 2334 -
492 2301 523 2350 2.
550 2271 771 2378 Quocunque
805 2275 844 2349 in
881 2271 962 2351 loco
995 2275 1206 2349 immittatur
1240 2290 1352 2371 acus,

231 2393 338 2468 nulla
376 2387 448 2468 aeri
483 2393 616 2466 exitum
652 2381 800 2494 parandi
835 2381 1009 2468 certitudo
1034 2383 1204 2490 habetur,
1235 2403 1352 2492 potest

234 2512 336 2584 enim
362 2527 446 2586 aeus
470 2508 528 2584 rel
553 2497 699 2583 fortuito
724 2527 807 2582 casu
832 2502 1019 2582 interstitio
1044 2501 1267 2582 anfractuum
1282 2509 1376 2588 im·,

236 2619 359 2726 mitti,
392 2625 451 2702 vel
484 2640 592 2724 super
626 2623 835 2724 laetigatam
864 2624 1022 2697 intestini
1055 2625 1278 2725 superficiem
1301 2627 1352 2699 ita

239 2740 383 2842 delabi,
411 2757 453 2818 nt
487 2741 577 2816 illud
609 2767 656 2818 ne
690 2735 806 2816 lullum
840 2731 1050 2818 offendatur.
1082 2743 1162 2846 Ipsa
1187 2744 1353 2818 intestina

241 2883 397 2938 unacum
413 2859 556 2962 reliquis
572 2859 764 2934 visceribus
778 2861 816 2934 in
833 2885 915 2934 casu
928 2861 1131 2964 tympaniae
1144 2854 1354 2964 plerumque

243 3001 263 3057 e
287 2974 437 3058 nonnuli
462 2995 527 3054 euo
552 2979 670 3082 positu
694 2993 941 3077 remorentur3
966 2997 1074 3082 quam
1099 2977 1146 3054 ob
1170 3004 1247 3052 rem
1271 3003 1355 3053 cou-

244 3099 377 3199 tingere
411 3111 548 3198 posset,
585 3093 705 3198 quod,
738 3095 800 3196 qui
838 3095 944 3171 colon
980 3094 1142 3170 inflatum
1176 3093 1354 3197 perforare

245 3211 312 3292 sibi
337 3215 524 3318 proponit,
558 3205 763 3289 anatomicis
799 3213 926 3289 ductus
958 3213 1235 3315 cognitionibus,
1262 3215 1354 3289 inte·

247 3333 379 3407 stinum
413 3345 540 3435 tenue,
576 3329 634 3406 rel
662 3329 767 3432 plane
792 3331 1015 3406 stomachum
1037 3325 1239 3436 perforabit
1265 3333 1354 3426 Quis

249 3464 365 3524 autern
390 3473 494 3523 acum
518 3445 603 3523 illuc
619 3447 809 3524 immittere
825 3447 998 3548 voluerit,
1021 3475 1094 3552 quo
1109 3473 1184 3526 non
1200 3447 1355 3546 rideret,

97 3558 124 3590 ²
249 3591 352 3643 nemo
376 3566 513 3665 adhuc,
538 3579 704 3642 monente
729 3569 932 3644 acutissimo
957 3569 1183 3668 Moucaouo,
1207 3595 1250 3642 ex
1275 3595 1356 3644 cau-

251 3688 394 3765 tioribus
429 3685 610 3790 Chirurgis
648 3687 814 3764 inventus
848 3701 911 3766 est
945 3729 996 3748 ·-
1021 3687 1054 3764 3.
1088 3689 1158 3764 aar
1192 3687 1356 3764 elasticus

252 3825 429 3910 nunquam
464 3831 530 3908 per
563 3820 680 3881 totum
715 3805 874 3882 canalem
903 3807 1099 3882 entericum
1125 3805 1356 3907 aequabiliter

254 3926 453 4001 distributus
479 3949 554 3998 esse
578 3923 687 4022 solet,
711 3915 838 4001 sedin
861 3925 1006 4028 singulis
1031 3923 1243 4022 ditionibus,
1268 3952 1356 4027 qua·

255 4071 328 4118 rum
362 4069 431 4118 una
467 4069 551 4118 eum
587 4041 722 4140 altera,
754 4043 820 4118 etsi
855 4045 1042 4145 contigua,
1076 4041 1211 4118 nullam
1248 4043 1356 4118 habet

257 4161 625 4257 communicationem,
659 4173 806 4261 propter
841 4159 1017 4257 flexuras,
1052 4159 1357 4260 compressiones,

258 4275 311 4348 rel
332 4277 425 4378 quod
450 4279 777 4353 communissimum
814 4293 890 4376 est,
923 4293 1069 4381 propter
1092 4279 1272 4354 stricturas
1297 4293 1356 4353 tu·

262 4393 416 4467 nicarum.
442 4395 535 4472 lliue
547 4452 557 4494 ,
581 4396 696 4500 posito
721 4397 827 4471 etiam
852 4420 934 4471 casu
970 4397 1127 4474 intestini
1165 4395 1359 4501 persenti,
