3264 5194
341 331 410 414 r3'8

333 447 469 536 extensi
493 449 707 558 restituunt,
729 459 987 534 emanationem
1010 454 1249 533 innantem
1265 453 1448 560 phlogistiv

289 636 292 645 Δ
332 595 457 650 comm
481 590 518 650 et
541 575 872 678 imponderabilium
896 589 1131 678 promovent,
1156 579 1308 678 quaein
1331 602 1443 677 pene-

331 693 478 768 tralibus
503 695 691 794 organismi
715 694 869 770 ubertim
904 696 1098 791 extricata,
1132 707 1365 790 coacervata,
1401 719 1447 768 ac

330 811 441 888 veluti
477 813 613 890 reclusa
649 809 856 889 efficientiae
890 813 1041 890 biotioae
1074 815 1216 889 ruinam
1249 817 1442 890 minantur.

330 929 482 1030 Oportet
506 944 645 1026 autem,
669 945 710 1004 ut
734 955 862 1032 corpus
886 957 976 1031 aqna
994 930 1106 1029 gelida
1124 930 1305 1032 prolatum
1326 933 1444 1007 coufe-

329 1047 414 1120 stim
437 1045 658 1146 detergatur,
676 1054 714 1120 et
737 1047 898 1148 stragulis
930 1047 1161 1148 cooperiatur.
1186 1089 1237 1108 --
1261 1047 1343 1122 Tali
1366 1073 1444 1122 me·

329 1159 437 1236 dandi
460 1161 628 1236 methodo
652 1162 860 1264 plerumque
885 1163 1039 1260 accidit,
1069 1179 1109 1240 ut
1133 1160 1248 1239 foetus
1273 1165 1311 1239 in
1335 1179 1441 1266 partu

327 1273 540 1378 suffocetur,
565 1281 746 1355 character
774 1296 900 1384 utpote
934 1306 1104 1357 nervosus
1138 1283 1178 1356 in
1207 1284 1263 1356 sni
1298 1283 1443 1358 exordio

328 1399 527 1502 juguletur,
555 1391 596 1473 et'
622 1401 823 1502 primitivus
857 1399 1003 1474 morbus
1038 1399 1442 1475 inflammatam-catar-

328 1516 457 1590 rhosus
477 1515 523 1590 ad
551 1541 652 1590 suam
686 1515 849 1592 redactus
883 1541 1046 1590 normam
1082 1531 1119 1592 et
1154 1517 1443 1618 simplicitatem,

328 1647 428 1708 tanto
462 1633 635 1708 efficacius
669 1631 808 1708 criticas
843 1633 1062 1735 explosioncs
1097 1634 1214 1708 moliri
1249 1650 1364 1736 queat
1388 1677 1441 1692 --

326 1755 485 1854 Lapsum
508 1754 664 1852 vinum,
688 1769 726 1828 et
749 1755 938 1828 transitum
961 1749 1067 1828 lebria
1092 1753 1382 1837 inflammatoriae
1401 1755 1440 1828 in

326 1871 711 1974 nervoso-asthcnicam
735 1869 803 1946 illia
829 1873 932 1945 unice
962 1872 1000 1943 in
1038 1871 1176 1945 casibus
1207 1865 1440 1946 averruncare

325 2008 401 2064 non
424 1989 550 2087 licuit,
574 1989 635 2064 ubi
660 1984 780 2090 aegri,
805 2005 996 2092 antequem
1021 1989 1067 2064 ad
1090 2014 1156 2065 uos
1185 1993 1440 2092 pervenerint,

328 2101 526 2181 immodicis
550 2105 797 2207 phlebotomiie
822 2107 989 2185 exinaniti
1015 2105 1178 2204 fuerunt,
1198 2107 1257 2182 vel
1280 2107 1342 2181 ubi
1366 2132 1441 2184 ma-

329 2224 444 2322 lignus
462 2215 613 2323 ‘quidam
646 2215 756 2297 fomes
791 2223 994 2298 clanculum
1022 2223 1233 2312 delitescens
1263 2225 1439 2310 nobilissi-

329 2363 406 2416 mas
430 2341 523 2415 ritae
547 2337 698 2414 latebras
722 2339 972 2441 pessumdedit

377 2451 635 2534 manasse
668 2463 767 2534 ocuti
802 2459 956 2536 triviales
993 2455 1202 2557 admodum¹
1224 2473 1325 2536 eran
1364 2459 1435 2536 hoc

325 2603 469 2674 mense,
494 2578 660 2678 variaque
684 2577 864 2652 schemata
880 2575 1052 2653 ludentes.
1068 2579 1241 2679 Persaepe
1262 2581 1324 2652 uni
1348 2577 1444 2654 loco.

324 2695 553 2799 pertinaciter
587 2693 856 2793 adhaeserunt,
894 2719 1151 2796 nonnunquam
1186 2719 1272 2769 vero
1314 2719 1436 2794 vage,

324 2826 431 2914 atque
456 2809 653 2886 errabundc
676 2839 741 2914 per
764 2824 862 2886 artus
885 2811 1144 2910 discurrebant,
1163 2827 1204 2886 ut
1218 2811 1327 2888 modo
1342 2812 1436 2886 hauc

324 2945 463 3032 partem
486 2928 717 3028 vellicarent,
740 2927 848 3005 modo
876 2929 984 3016 illam,
1015 2928 1137 3004 Multis
1172 2931 1336 3014 atrociter
1368 2927 1435 3004 do-

324 3046 448 3121 lebant
471 3051 681 3148 juncturae,
714 3047 792 3122 aliis
826 3073 948 3122 carnes
983 3047 1077 3121 inter
1112 3047 1254 3122 casdem
1286 3045 1434 3122 mediae.

323 3165 528 3266 Temperies
552 3167 777 3263 inconstans,
802 3179 907 3267 atque
930 3165 1076 3265 insignis
1101 3163 1435 3266 atmosphaeraeob

322 3281 470 3357 nebulae
485 3281 758 3358 confertissimas
774 3285 900 3358 mador
915 3281 1003 3357 labis
1020 3284 1257 3358 rheumaticae
1274 3280 1436 3385 frequetl-

320 3401 409 3478 tiam
433 3401 569 3503 liquido
593 3403 825 3479 vindicarunt
849 3443 900 3462 -·
922 3401 1134 3480 Artanes
1167 3419 1292 3479 acutae
1322 3401 1434 3506 adpa-

320 3523 401 3594 ratu
424 3517 550 3594 leuiter
573 3519 854 3620 antiphlogistico
879 3535 916 3596 et
939 3520 1146 3622 diapnoico,
1166 3549 1232 3597 nec
1256 3549 1330 3598 non
1354 3523 1432 3598 fotu

320 3633 496 3734 aequabili
520 3659 588 3736 ope
611 3649 736 3735 stupae
760 3635 979 3735 canabineo,
1007 3640 1164 3715 resinoao
1197 3637 1429 3742 thymiamate

321 3749 506 3847 imbutae,
528 3775 601 3852 qua
635 3765 786 3828 cunctos·
818 3767 914 3828 anus
949 3754 1106 3830 dolentes
1141 3755 1265 3831 sedulo
1298 3755 1431 3832 involvi

319 3868 546 3964 curavimus,
569 3868 644 3940 sine
668 3871 810 3970 negotio
835 3869 1054 3972 fugabantur.
1078 3917 1130 3932 -
1156 3872 1299 3973 Otalgr'a
1321 3871 1426 3966 rheu·

320 3989 449 4058 amota
473 3983 681 4086 replicatum
705 3989 867 4088 poposcit
890 4015 995 4062 usum
1029 3991 1242 4088 vesicautis3
1265 3992 1432 4092 ,primum

318 4101 459 4178 nuchae
483 4103 689 4204 impositum
712 4103 873 4180 dolorem
904 4105 1119 4209 permulsit,
1157 4106 1307 4200 alterum
1336 4122 1430 4182 retro

318 4221 493 4295 adfectam
509 4245 643 4320 aurem,
654 4221 829 4299 tollendae
846 4227 1040 4329 superstitis
1056 4225 1291 4302 obauditionis
1307 4251 1429 4323 cauea,

317 4335 560 4439 adplicuimus.
584 4379 635 4398 ·-
660 4341 777 4416 Minus
801 4342 1021 4446 frequentem
1045 4344 1195 4421 formam
1220 4345 1429 4420 rheumatis·

320 4455 369 4530 mi
402 4456 495 4532 acuti
527 4455 629 4533 uobis
643 4521 646 4529 ,
660 4455 789 4536 obtulit
813 4459 962 4562 semina,
994 4487 1084 4565 quae
1113 4487 1134 4536 a
1158 4461 1281 4566 paucis
1306 4459 1430 4538 diebus
