3228 5166
197 459 421 532 Concurrunt
437 459 555 560 itaque
573 457 619 532 ad
634 435 928 534 valetudinarium
945 458 1142 539 Tioinense:
1164 487 1192 535 r.
1204 341 1306 564 Aegii·

196 577 293 650 urbis
309 591 346 652 et
361 579 432 654 vici
448 575 659 652 contemrlni
671 583 688 669 t
699 578 814 677 Borgo
830 579 1002 676 Ticino),
1017 608 1169 686 quorum
1185 597 1306 658 tamen

194 721 334 798 semper
357 695 525 770 minimus
546 707 601 768 est
626 719 815 793 numerus,
837 722 870 770 a.
899 697 1001 796 Aegri
1028 701 1172 798 potioris
1197 702 1306 800 partis

193 814 401 890 Provinciae
431 812 510 886 urbi
538 811 774 914 adgregatae,
814 839 905 916 quas
943 829 1136 890 extremam
1172 819 1306 916 Lango-

194 929 339 1005 bardiae
366 931 558 1004 austriacas
582 933 765 1008 constituit
787 947 942 1034 partem,
961 931 993 1006 3.
1019 933 1122 1032 Aegri
1147 933 1307 1008 Laumel·

195 1049 289 1124 linae
313 1047 505 1145 inferioris,
535 1047 731 1151 limitrophi
754 1050 978 1132 Pedemontii
1013 1063 1110 1125 tram
1140 1051 1305 1126 Ticinum

197 1179 334 1266 partem
363 1164 564 1262 efficientis,
582 1165 824 1267 tungrorum
849 1167 945 1242 baud
969 1167 1095 1268 pauci,
1110 1169 1172 1270 qui
1196 1167 1306 1243 ecol-

196 1279 289 1355 libus
312 1281 580 1382 Ultrapadanis,
605 1284 721 1357 Status
746 1287 879 1386 pariter
903 1284 1052 1384 Serdoi,
1074 1285 1278 1368 adveniunt.

244 1403 345 1478 Licet
377 1401 629 1478 Nosoccmium
643 1403 864 1516 ,plusquam
889 1409 1054 1493 tercentis
1090 1409 1304 1482 bastructum
1372 1501 1377 1514 1

194 1515 321 1614 lectis,
344 1519 436 1593 intra
461 1545 595 1594 annum
627 1461 719 1598 riltm
753 1536 906 1624 quatuor
937 1521 1092 1600 millibus
1124 1539 1308 1626 aegrotasse

194 1637 286 1710 tium
309 1573 450 1739 asylum
474 1639 663 1740 praebeat,
686 1640 798 1716 nihilo
823 1655 943 1716 teman
967 1645 1085 1716 minsas
1110 1643 1177 1717 sub
1209 1657 1307 1718 tauta

193 1755 445 1834 beneticentiae
462 1759 663 1834 extensione
686 1761 822 1834 cunctis
839 1785 944 1860 upum
961 1760 1231 1862 implorantibus
1257 1789 1318 1842 ree

196 1875 368 1975 cipiendis
392 1876 645 1976 imperasset,
671 1877 738 1950 nisi
763 1878 929 1960 introitus
959 1877 1198 1955 determinatis
1228 1880 1308 1952 vitr-

197 2005 300 2065 catur
322 1991 664 2094 praescriptionibus.
688 1992 794 2077 Ideo.
799 1995 940 2068 nonnisi
957 2009 1155 2094 egenos,et
1176 1995 1308 2072 morbis

196 2111 330 2208 acutis,
354 2110 411 2188 vel
435 2109 560 2186 saltem
585 2135 658 2190 non
686 2109 847 2210 absolute
872 2111 1124 2196 insanabilibus
1152 2111 1307 2196 adfectos

196 2229 404 2326 admittere,
428 2229 602 2324 sancitum
628 2241 691 2316 est.

246 2285 483 2420 Sufficieritem
507 2345 613 2445 igitur
636 2371 702 2448 pro
727 2343 854 2426 Sobola
883 2344 1038 2429 medico
1023 2347 1194 2447 practica
1229 2345 1310 2420 tiro·

196 2489 340 2538 esurum
364 2469 436 2566 jam
460 2465 497 2540 iu
522 2465 601 2566 ipso
625 2463 839 2540 Nosncomio
864 2477 999 2561 extare,
1023 2461 1163 2538 abunde
1186 2459 1308 2566 liquet

197 2585 422 2686 Quapropter
438 2582 576 2658 medico
594 2581 775 2658 adsistenti
791 2580 967 2660 incumbit
982 2607 1112 2658 munus
1125 2639 1136 2681 ,
1151 2582 1308 2686 quotidie

195 2725 380 2800 aegrorum
396 2699 588 2802 pervadere
605 2699 719 2798 aulas,
734 2713 775 2776 ut
791 2715 937 2776 cunctos
954 2702 992 2773 in
1010 2695 1181 2776 Clinicam
1194 2713 1307 2774 nans

194 2818 278 2893 ferri
312 2833 413 2894 curet
446 2843 547 2894 casus
577 2845 643 2920 pro
665 2817 840 2902 exercitiis
874 2831 911 2892 et
946 2815 1304 2900 demonstrationibus

196 2939 359 3038 practicis
387 2939 684 3040 opportuniores,
714 2937 926 3014 Professoris
956 2937 1156 3018 invocando
1193 2937 1308 3012 oonsi-

196 3053 308 3151 lium,
330 3045 624 3154 ubi'ambigum
649 3051 770 3156 judicii
794 3051 962 3135 subesset.
993 3051 1194 3151 seliguntur
1224 3077 1308 3152 prus

197 3169 274 3244 aliis
297 3173 390 3272 aegri
408 3171 658 3252 Nosooomium
683 3171 743 3254 rix
766 3171 933 3270 ingressi,
948 3193 994 3244 ne
1018 3167 1151 3242 diutius
1175 3167 1308 3254 ibidem

197 3291 492 3366 commorantium
517 3315 625 3385 curs,
656 3289 729 3397 lam
759 3285 806 3364 ab
843 3285 912 3362 alio
946 3285 1087 3371 medico
1121 3285 1310 3384 inchoata,

137 3443 140 3448 ·
195 3409 482 3510 interrumpatur.
507 3407 600 3482 Cum
624 3429 710 3482 veto
732 3403 928 3510 plurimum
951 3406 1117 3503 mereat,
1141 3417 1182 3482 ut
1207 3418 1306 3506 tyro·

195 3525 301 3600 uibus
337 3525 444 3606 etiarn
478 3523 645 3606 obmuica
679 3537 925 3628 proponantur
961 3519 1054 3606 mala
1080 3522 1232 3626 (quibus
1269 3523 1308 3596 iu

195 3644 409 3722 Nosocomio
432 3645 596 3729 curandis
620 3645 765 3724 obmm
789 3651 961 3741 stamta),
977 3643 1104 3720 clinico
1120 3643 1308 3747 professori

195 3783 402 3840 oeuccssum
427 3775 481 3838 est
504 3763 705 3862 arbitrium,
719 3761 801 3838 illos
814 3763 948 3866 pariter
963 3759 1173 3836 admittendi
1190 3785 1309 3860 aegro·

196 3897 278 3980 tos,
313 3899 403 3986 quos
432 3883 685 3962 Nosocomium
718 3884 873 3984 recipere
910 3893 1077 3978 recusat,
1113 3879 1309 3959 dummodo

195 4025 367 4106 pauperes
403 4005 503 4103 sint,
542 4004 599 4081 vel
640 4010 773 4107 justum
809 4000 1063 4102 contribuant,
1099 4002 1129 4076 si
1165 4001 1306 4078 solven-

195 4119 245 4196 do
267 4145 380 4224 pares.

245 4243 288 4318 lu
323 4241 466 4320 exorrlio
504 4267 643 4316 cursusr
664 4239 863 4318 scholastici
898 4239 1129 4344 praeferimus
1164 4235 1308 4312 morbos

195 4361 393 4464 sirapbsru,
415 4373 591 4457 recentes,
614 4375 736 4438 acutos
760 4375 797 4452 et
814 4359 949 4458 m,
962 4361 1025 4461 qni
1050 4381 1178 4458 nempe
1195 4369 1307 4436 totam

194 4473 347 4558 offanurt
374 4493 654 4587 sgmptcnatrnn
687 4467 1042 4594 patbognomicorum
1077 4477 1234 4575 seriem,
1265 4501 1307 4554 ac
