3148 5170
1156 271 1225 346 255

94 389 311 502 cunibens,
334 406 430 484 intus
455 429 528 480 non
553 403 824 514 degeneratum
848 409 956 507 cystis
983 407 1081 484 fellea
1098 407 1229 484 bili'oso

0 586 1 591 ,
96 541 257 625 turgens
281 522 410 620 latiee3
433 521 549 596 fistula
575 524 860 621 gastro-enterica
895 527 1038 628 copioso
1063 538 1151 606 *edre
1177 528 1228 604 di·

98 659 239 720 stenta.
265 643 413 745 Reliqua
437 642 487 720 iu,
502 655 595 717 statu
621 641 782 718 normali

591 905 764 971 rrrcntsrs.

163 1119 261 1220 Duas
285 1117 409 1194 mortis
435 1115 541 1192 fuisse
566 1115 688 1217 culpas
713 1141 755 1190 ex
780 1115 931 1192 decursu
951 1117 1072 1204 morbi
1095 1085 1232 1222 patuit3

1 1278 4 1298 r
102 1237 294 1339 organioas
318 1249 442 1337 utpote
466 1235 503 1308 iu
527 1231 754 1336 pulmonibus
778 1236 1102 1338 metamorphoses‚
1125 1253 1232 1340 atque

104 1354 340 1454 repentinum
366 1352 494 1426 virium
518 1349 667 1452 lapsum.
694 1351 878 1443 Quaenam
906 1379 991 1429 vero
1020 1353 1126 1428 fuerit
1158 1356 1232 1458 pri-

108 1471 262 1568 mitiva,
293 1482 330 1543 et
363 1493 454 1570 quae
489 1467 696 1542 secundaria
731 1467 919 1546 difficulter
943 1469 1233 1548 decernendum?

1 1641 3 1683 p
114 1587 205 1663 Veri
230 1601 351 1664 tamen
374 1585 524 1662 similior
548 1585 650 1660 nobis
674 1585 862 1662 videbatur
892 1591 1084 1686 sententia,
1115 1590 1232 1663 asthe-

1 1757 3 1800 l

114 1707 217 1784 niam
251 1705 470 1805 inauspicato
504 1701 687 1780 subortam
724 1729 790 1806 pro
824 1707 938 1806 prima
973 1720 1010 1807 et
1043 1707 1232 1808 praecipua

114 1826 248 1900 funesti
283 1825 395 1899 exitus
431 1821 642 1922 agnoscendi
657 1853 659 1856 ·
677 1849 791 1897 causa.
826 1823 922 1898 Haeo
958 1826 1051 1908 euim
1089 1825 1234 1922 effecit,

1 1969 2 1972 ¹
114 1943 215 2045 quod
238 1957 384 2016 naturae
416 1955 563 2016 conatus
594 1940 793 2041 superando
827 1943 1005 2043 processui
1032 1942 1233 2040 morboso,

115 2073 153 2132 et
169 2055 405 2161 exsequendis
421 2055 627 2136 maneribus
644 2057 794 2158 impares
813 2058 1061 2158 reddebantur,
1076 2059 1233 2162 ideoque

116 2201 185 2252 neu
202 2176 403 2251 formationi
419 2173 674 2276 productorum
691 2199 867 2248 novorum
890 2177 1017 2273 reniti,
1041 2203 1107 2252 nec
1125 2177 1232 2252 educ-

118 2295 253 2387 ¹tionem
289 2319 413 2375 eorum
448 2289 630 2372 absolvere
663 2305 861 2392 potuerant.
885 2295 1079 2386 Etrevera
1104 2293 1232 2395 gravis·

117 2414 290 2490 simorum
314 2423 596 2514 symptomatum
620 2421 717 2490 ortus
742 2411 956 2512 improvisus
983 2411 1050 2493 suh
1088 2437 1228 2486 exacer-

116 2531 259 2610 batione
283 2531 483 2634 respertina
506 2527 577 2605 diei
603 2530 765 2631 quintae,
800 2556 890 2631 quae
919 2529 964 2614 de
997 2530 1112 2606 sutura
1139 2529 1233 2630 aegri

118 2665 213 2726 sorte
236 2647 399 2726 decidere
425 2646 622 2744 debusset,
646 2647 785 2728 irritum
814 2646 983 2721 molimen
1008 2647 1148 2732 abunde
1172 2647 1228 2720 in·

119 2763 234 2864 dieat,
267 2791 376 2867 quare
412 2762 526 2866 ipsam
560 2759 770 2844 esslrsionom
798 2789 972 2862 aerosum,
1009 2769 1110 2868 eujus
1135 2763 1232 2842 nulla

118 2884 215 2986 prius
239 2883 337 2984 sigua
362 2880 530 2979 aderant,
564 2905 631 2984 pro
665 2880 795 2956 elleotu
829 2887 956 2957 era'seos
979 2907 1142 2964 erroneae
1167 2883 1231 2958 de·

26 3098 32 3106 ¹
120 3001 251 3078 clarere
284 3027 359 3078 non
396 2999 659 3111 cunetabamur.
691 2999 799 3096 Quod
828 3025 936 3106 prava
969 3003 1125 3078 conditio
1151 3003 1234 3106 pul·

121 3147 268 3198 monum
290 3119 339 3202 ob
363 3147 580 3224 praegressae
605 3123 935 3225 peripneumonias‚
960 3123 1152 3227 eorumque
1177 3153 1236 3202 eo·

121 3240 301 3316 haesiones
317 3267 401 3316 euru
416 3239 540 3342 pleura
556 3240 771 3316 intereostali
789 3242 835 3316 ad
851 3241 1044 3318 inllustum
1065 3257 1234 3318 eventum

6 3440 29 3460 l
123 3357 421 3460 quamplurimum
447 3357 681 3454 oontulerint‚
706 3358 841 3460 liquido
865 3373 971 3460 patet
988 3359 1103 3461 Hujus
1124 3361 1236 3460 gratia

123 3479 212 3551 vires
245 3479 285 3551 in
322 3501 454 3576 organo
491 3473 710 3560 inflammato
734 3476 826 3552 ultra
851 3477 999 3554 modum
1022 3503 1234 3582 suppressae

124 3606 158 3667 et
193 3591 259 3666 sub
294 3589 448 3674 deoisiva
485 3590 581 3668 luota
616 3607 826 3691 enervatae,
859 3594 1054 3696 impactum
1091 3595 1234 3672 laticem

124 3709 380 3820 lymphaticum
406 3734 521 3810 neque
546 3737 612 3812 per
627 3711 721 3786 viam
738 3711 859 3786 uiruuli
875 3711 1094 3815 propellere,
1118 3741 1235 3816 neque

124 3854 184 3927 per
209 3827 304 3902 viam
328 3827 583 3914 emunotoriam
607 3827 859 3910 brunebiorum
877 3845 1039 3906 excutere
1057 3831 1236 3930 valentes,

125 3946 241 4022 lethali
277 3947 375 4044 rivo,
409 3961 553 4026 antrum
587 3950 739 4050 pectoris
774 3949 983 4048 inundanti,
1012 3954 1235 4027 occasionem

126 4064 317 4162 dederunt,
340 4063 399 4138 cui
423 4064 638 4140 resorbendo
655 4065 818 4144 obstabat
834 4067 1048 4142 arctissimus
1073 4067 1234 4170 pluribus

127 4181 159 4263 in
184 4178 270 4256 locis
295 4181 387 4266 iuter
411 4193 577 4284 utrasque
601 4180 746 4286 plouraa
771 4183 915 4288 paginas
940 4209 1060 4260 nexus.
