<?xml version="1.0" encoding="UTF-8"?>
<!DOCTYPE html PUBLIC "-//W3C//DTD XHTML 1.0 Transitional//EN"
    "http://www.w3.org/TR/xhtml1/DTD/xhtml1-transitional.dtd">
<html xmlns="http://www.w3.org/1999/xhtml" xml:lang="en" lang="en">
 <head>
  <title>
</title>
<meta http-equiv="Content-Type" content="text/html;charset=utf-8" />
  <meta name='ocr-system' content='tesseract 3.04.00' />
  <meta name='ocr-capabilities' content='ocr_page ocr_carea ocr_par ocr_line ocrx_word'/>
</head>
<body>
  <div class='ocr_page' id='page_1' title='image "./annalesscholaec00hildgoog_0043.png"; bbox 0 0 3228 5166; ppageno 0'>
   <div class='ocr_carea' id='block_1_1' title="bbox 188 441 1365 4410">
    <p class='ocr_par' dir='ltr' id='par_1_1' title="bbox 189 441 1303 1229">
     <span class='ocr_line' id='line_1_1' title="bbox 1250 441 1292 488; baseline -0.048 0"><span class='ocrx_word' id='word_1_1' title='bbox 1250 441 1292 488; x_wconf 68' lang='grc' dir='ltr'><strong>ιι</strong></span> 
     </span>
     <span class='ocr_line' id='line_1_2' title="bbox 190 531 1299 633; baseline 0.002 -29"><span class='ocrx_word' id='word_1_2' title='bbox 190 545 326 630; x_wconf 80' lang='lat' dir='ltr'><strong>partem</strong></span> <span class='ocrx_word' id='word_1_3' title='bbox 350 543 591 633; x_wconf 85' lang='lat' dir='ltr'><strong>peragrasset,</strong></span> <span class='ocrx_word' id='word_1_4' title='bbox 616 531 766 632; x_wconf 86' lang='lat' dir='ltr'><strong>patriam</strong></span> <span class='ocrx_word' id='word_1_5' title='bbox 791 531 1004 633; x_wconf 84' lang='lat' dir='ltr'><strong>postliminio</strong></span> <span class='ocrx_word' id='word_1_6' title='bbox 1035 559 1195 611; x_wconf 84' lang='lat' dir='ltr'><strong>reversus</strong></span> <span class='ocrx_word' id='word_1_7' title='bbox 1229 547 1299 627; x_wconf 87' lang='lat' dir='ltr'><strong>est,</strong></span> 
     </span>
     <span class='ocr_line' id='line_1_3' title="bbox 189 649 1300 750; baseline 0.004 -26"><span class='ocrx_word' id='word_1_8' title='bbox 189 677 299 750; x_wconf 92' lang='lat' dir='ltr'><strong>quam</strong></span> <span class='ocrx_word' id='word_1_9' title='bbox 322 678 409 726; x_wconf 80' lang='lat' dir='ltr'><strong>vcro</strong></span> <span class='ocrx_word' id='word_1_10' title='bbox 433 649 481 724; x_wconf 89' lang='lat' dir='ltr'><strong>ob</strong></span> <span class='ocrx_word' id='word_1_11' title='bbox 509 651 643 749; x_wconf 71' lang='lat' dir='ltr'><strong>Magios</strong></span> <span class='ocrx_word' id='word_1_12' title='bbox 675 649 956 726; x_wconf 71' lang='lat' dir='ltr'><strong>criminationem</strong></span> <span class='ocrx_word' id='word_1_13' title='bbox 990 653 1106 728; x_wconf 91' lang='lat' dir='ltr'><strong>denuo</strong></span> <span class='ocrx_word' id='word_1_14' title='bbox 1141 655 1300 729; x_wconf 84' lang='lat' dir='ltr'><strong>deserere</strong></span> 
     </span>
     <span class='ocr_line' id='line_1_4' title="bbox 190 765 1300 869; baseline -0.001 -27"><span class='ocrx_word' id='word_1_15' title='bbox 190 768 392 868; x_wconf 75' lang='lat' dir='ltr'>cogebatur,</span> <span class='ocrx_word' id='word_1_16' title='bbox 418 765 604 842; x_wconf 72' lang='lat' dir='ltr'><strong>Salonium</strong></span> <span class='ocrx_word' id='word_1_17' title='bbox 620 781 706 842; x_wconf 89' lang='lat' dir='ltr'><strong>tunc</strong></span> <span class='ocrx_word' id='word_1_18' title='bbox 723 769 903 867; x_wconf 81' lang='lat' dir='ltr'>confugit,</span> <span class='ocrx_word' id='word_1_19' title='bbox 919 795 958 842; x_wconf 85' lang='lat' dir='ltr'><strong>ac</strong></span> <span class='ocrx_word' id='word_1_20' title='bbox 976 785 1096 869; x_wconf 82' lang='lat' dir='ltr'><strong>postea</strong></span> <span class='ocrx_word' id='word_1_21' title='bbox 1112 774 1150 844; x_wconf 88' lang='lat' dir='ltr'><strong>in</strong></span> <span class='ocrx_word' id='word_1_22' title='bbox 1167 765 1300 845; x_wconf 86' lang='lat' dir='ltr'><strong>Montis</strong></span> 
     </span>
     <span class='ocr_line' id='line_1_5' title="bbox 191 873 1301 990; baseline 0.004 -32"><span class='ocrx_word' id='word_1_23' title='bbox 191 887 329 958; x_wconf 81' lang='lat' dir='ltr'><strong>Cossini</strong></span> <span class='ocrx_word' id='word_1_24' title='bbox 355 873 566 960; x_wconf 78' lang='lat' dir='ltr'><strong>coenobium</strong></span> <span class='ocrx_word' id='word_1_25' title='bbox 591 887 753 983; x_wconf 76' lang='lat' dir='ltr'><strong>recessit,</strong></span> <span class='ocrx_word' id='word_1_26' title='bbox 776 885 860 983; x_wconf 89' lang='lat' dir='ltr'><strong>ubi,</strong></span> <span class='ocrx_word' id='word_1_27' title='bbox 875 886 1032 962; x_wconf 85' lang='lat' dir='ltr'><strong>Arabum</strong></span> <span class='ocrx_word' id='word_1_28' title='bbox 1048 891 1177 990; x_wconf 88' lang='lat' dir='ltr'><strong>scripta</strong></span> <span class='ocrx_word' id='word_1_29' title='bbox 1193 889 1301 964; x_wconf 84' lang='lat' dir='ltr'><strong>latine</strong></span> 
     </span>
     <span class='ocr_line' id='line_1_6' title="bbox 191 1001 1303 1108; baseline 0.004 -32"><span class='ocrx_word' id='word_1_30' title='bbox 191 1003 484 1104; x_wconf 75' lang='lat' dir='ltr'><strong>interpretando,</strong></span> <span class='ocrx_word' id='word_1_31' title='bbox 509 1018 544 1078; x_wconf 86' lang='lat' dir='ltr'><strong>ct</strong></span> <span class='ocrx_word' id='word_1_32' title='bbox 579 1017 695 1079; x_wconf 86' lang='lat' dir='ltr'><strong>toturn</strong></span> <span class='ocrx_word' id='word_1_33' title='bbox 734 1007 940 1080; x_wconf 89' lang='lat' dir='ltr'><strong>eruditionis</strong></span> <span class='ocrx_word' id='word_1_34' title='bbox 970 1001 1130 1082; x_wconf 79' lang='lat' dir='ltr'>arabicae</span> <span class='ocrx_word' id='word_1_35' title='bbox 1160 1005 1303 1108; x_wconf 79' lang='lat' dir='ltr'><strong>cyclum</strong></span> 
     </span>
     <span class='ocr_line' id='line_1_7' title="bbox 193 1117 1303 1229; baseline 0.002 -31"><span class='ocrx_word' id='word_1_36' title='bbox 193 1125 230 1198; x_wconf 88' lang='lat' dir='ltr'><strong>in</strong></span> <span class='ocrx_word' id='word_1_37' title='bbox 249 1125 498 1224; x_wconf 67' lang='lat' dir='ltr'><strong>compendium</strong></span> <span class='ocrx_word' id='word_1_38' title='bbox 515 1125 726 1225; x_wconf 86' lang='lat' dir='ltr'><strong>redigendo,</strong></span> <span class='ocrx_word' id='word_1_39' title='bbox 742 1129 941 1224; x_wconf 78' lang='lat' dir='ltr'><strong>consenuit,</strong></span> <span class='ocrx_word' id='word_1_40' title='bbox 957 1142 994 1202; x_wconf 88' lang='lat' dir='ltr'><strong>et</strong></span> <span class='ocrx_word' id='word_1_41' title='bbox 1009 1127 1050 1202; x_wconf 73' lang='lat' dir='ltr'><strong>A.</strong></span> <span class='ocrx_word' id='word_1_42' title='bbox 1075 1127 1165 1229; x_wconf 86' lang='lat'>1087</span> <span class='ocrx_word' id='word_1_43' title='bbox 1182 1117 1303 1226; x_wconf 72' lang='lat' dir='ltr'><strong>obivit.</strong></span> 
     </span>
    </p>

    <p class='ocr_par' dir='ltr' id='par_1_2' title="bbox 188 1237 1365 2762">
     <span class='ocr_line' id='line_1_8' title="bbox 244 1237 1306 1346; baseline 0.004 -30"><span class='ocrx_word' id='word_1_44' title='bbox 244 1243 351 1318; x_wconf 84' lang='lat' dir='ltr'><strong>Haud</strong></span> <span class='ocrx_word' id='word_1_45' title='bbox 374 1243 559 1318; x_wconf 87' lang='lat' dir='ltr'><strong>mediocris</strong></span> <span class='ocrx_word' id='word_1_46' title='bbox 585 1249 658 1346; x_wconf 83' lang='lat' dir='ltr'><strong>jam</strong></span> <span class='ocrx_word' id='word_1_47' title='bbox 683 1245 824 1320; x_wconf 85' lang='lat' dir='ltr'><strong>sacculo</strong></span> <span class='ocrx_word' id='word_1_48' title='bbox 849 1247 913 1320; x_wconf 90' lang='lat' dir='ltr'><strong>IX.</strong></span> <span class='ocrx_word' id='word_1_49' title='bbox 933 1260 969 1320; x_wconf 87' lang='lat' dir='ltr'><strong>et</strong></span> <span class='ocrx_word' id='word_1_50' title='bbox 985 1247 1033 1320; x_wconf 89' lang='lat' dir='ltr'><strong>X.</strong></span> <span class='ocrx_word' id='word_1_51' title='bbox 1061 1237 1131 1320; x_wconf 85' lang='lat' dir='ltr'><strong>suit</strong></span> <span class='ocrx_word' id='word_1_52' title='bbox 1153 1243 1306 1322; x_wconf 70' lang='lat' dir='ltr'><strong>Scholtoe</strong></span> 
     </span>
     <span class='ocr_line' id='line_1_9' title="bbox 191 1353 1305 1464; baseline 0 -26"><span class='ocrx_word' id='word_1_53' title='bbox 191 1359 432 1438; x_wconf 62' lang='lat' dir='ltr'><strong>numanae</strong></span> <span class='ocrx_word' id='word_1_54' title='bbox 473 1353 594 1460; x_wconf 63' lang='lat' dir='ltr'><strong>sama,</strong></span> <span class='ocrx_word' id='word_1_55' title='bbox 630 1391 650 1438; x_wconf 88' lang='lat' dir='ltr'><strong>a</strong></span> <span class='ocrx_word' id='word_1_56' title='bbox 687 1365 930 1440; x_wconf 81' lang='lat' dir='ltr'><strong>remotissimis</strong></span> <span class='ocrx_word' id='word_1_57' title='bbox 971 1365 1068 1440; x_wconf 88' lang='lat' dir='ltr'><strong>enim</strong></span> <span class='ocrx_word' id='word_1_58' title='bbox 1104 1364 1305 1464; x_wconf 78' lang='lat' dir='ltr'><strong>regionibus</strong></span> 
     </span>
     <span class='ocr_line' id='line_1_10' title="bbox 189 1483 1305 1586; baseline -0.002 -28"><span class='ocrx_word' id='word_1_59' title='bbox 189 1495 409 1583; x_wconf 78' lang='lat' dir='ltr'><strong>aegrotantes</strong></span> <span class='ocrx_word' id='word_1_60' title='bbox 435 1483 481 1558; x_wconf 87' lang='lat' dir='ltr'><strong>ad</strong></span> <span class='ocrx_word' id='word_1_61' title='bbox 504 1483 617 1558; x_wconf 81' lang='lat' dir='ltr'><strong>ltoccc</strong></span> <span class='ocrx_word' id='word_1_62' title='bbox 640 1485 762 1558; x_wconf 87' lang='lat' dir='ltr'><strong>salutis</strong></span> <span class='ocrx_word' id='word_1_63' title='bbox 794 1499 900 1586; x_wconf 87' lang='lat' dir='ltr'><strong>atque</strong></span> <span class='ocrx_word' id='word_1_64' title='bbox 930 1483 1089 1558; x_wconf 85' lang='lat' dir='ltr'><strong>medicae</strong></span> <span class='ocrx_word' id='word_1_65' title='bbox 1123 1483 1305 1558; x_wconf 85' lang='lat' dir='ltr'><strong>doctrinae</strong></span> 
     </span>
     <span class='ocr_line' id='line_1_11' title="bbox 190 1599 1307 1705; baseline -0.001 -29"><span class='ocrx_word' id='word_1_66' title='bbox 190 1603 314 1676; x_wconf 82' lang='lat' dir='ltr'><strong>lanum</strong></span> <span class='ocrx_word' id='word_1_67' title='bbox 339 1601 605 1677; x_wconf 85' lang='lat' dir='ltr'><strong>concurrebant</strong></span> <span class='ocrx_word' id='word_1_68' title='bbox 632 1599 746 1677; x_wconf 84' lang='lat' dir='ltr'><strong>Multo</strong></span> <span class='ocrx_word' id='word_1_69' title='bbox 769 1608 941 1705; x_wconf 83' lang='lat' dir='ltr'><strong>majorem</strong></span> <span class='ocrx_word' id='word_1_70' title='bbox 965 1617 1085 1676; x_wconf 89' lang='lat' dir='ltr'><strong>tamen</strong></span> <span class='ocrx_word' id='word_1_71' title='bbox 1107 1600 1224 1676; x_wconf 88' lang='lat' dir='ltr'><strong>adhuc</strong></span> <span class='ocrx_word' id='word_1_72' title='bbox 1248 1623 1307 1676; x_wconf 84' lang='lat' dir='ltr'><strong>ex·</strong></span> 
     </span>
     <span class='ocr_line' id='line_1_12' title="bbox 188 1718 1308 1820; baseline 0 -28"><span class='ocrx_word' id='word_1_73' title='bbox 188 1720 370 1820; x_wconf 88' lang='lat' dir='ltr'><strong>politionis</strong></span> <span class='ocrx_word' id='word_1_74' title='bbox 406 1719 554 1818; x_wconf 77' lang='lat' dir='ltr'><strong>gradum</strong></span> <span class='ocrx_word' id='word_1_75' title='bbox 589 1735 778 1794; x_wconf 86' lang='lat' dir='ltr'><strong>consecuta</strong></span> <span class='ocrx_word' id='word_1_76' title='bbox 803 1720 857 1794; x_wconf 81' lang='lat' dir='ltr'><strong>est</strong></span> <span class='ocrx_word' id='word_1_77' title='bbox 886 1718 1308 1816; x_wconf 67' lang='lat' dir='ltr'><strong>osculantem,</strong></span> 
     </span>
     <span class='ocr_line' id='line_1_13' title="bbox 190 1835 1327 1938; baseline 0.002 -28"><span class='ocrx_word' id='word_1_78' title='bbox 190 1861 265 1938; x_wconf 91' lang='lat' dir='ltr'><strong>quo</strong></span> <span class='ocrx_word' id='word_1_79' title='bbox 289 1853 363 1910; x_wconf 87' lang='lat' dir='ltr'><strong>non</strong></span> <span class='ocrx_word' id='word_1_80' title='bbox 394 1835 509 1910; x_wconf 89' lang='lat' dir='ltr'><strong>solum</strong></span> <span class='ocrx_word' id='word_1_81' title='bbox 538 1835 633 1910; x_wconf 86' lang='lat' dir='ltr'><strong>bella</strong></span> <span class='ocrx_word' id='word_1_82' title='bbox 669 1836 896 1912; x_wconf 83' lang='lat' dir='ltr'><strong>ultramarina</strong></span> <span class='ocrx_word' id='word_1_83' title='bbox 931 1853 1055 1912; x_wconf 88' lang='lat' dir='ltr'><strong>contra</strong></span> <span class='ocrx_word' id='word_1_84' title='bbox 1092 1838 1327 1936; x_wconf 72' lang='lat' dir='ltr'><strong>Saracenos,</strong></span> 
     </span>
     <span class='ocr_line' id='line_1_14' title="bbox 191 1944 1330 2058; baseline 0.004 -32"><span class='ocrx_word' id='word_1_85' title='bbox 191 1977 308 2026; x_wconf 85' lang='lat' dir='ltr'><strong>sacras</strong></span> <span class='ocrx_word' id='word_1_86' title='bbox 333 1968 442 2028; x_wconf 90' lang='lat' dir='ltr'><strong>terras</strong></span> <span class='ocrx_word' id='word_1_87' title='bbox 468 1944 688 2050; x_wconf 74' lang='lat' dir='ltr'><strong>infestantes,</strong></span> <span class='ocrx_word' id='word_1_88' title='bbox 711 1969 890 2058; x_wconf 91' lang='lat' dir='ltr'><strong>suscepta,</strong></span> <span class='ocrx_word' id='word_1_89' title='bbox 920 1955 983 2030; x_wconf 87' lang='lat' dir='ltr'><strong>sed</strong></span> <span class='ocrx_word' id='word_1_90' title='bbox 1013 1958 1120 2030; x_wconf 90' lang='lat' dir='ltr'><strong>etiam</strong></span> <span class='ocrx_word' id='word_1_91' title='bbox 1150 1956 1330 2038; x_wconf 69' lang='lat' dir='ltr'><strong>fervidus„</strong></span> 
     </span>
     <span class='ocr_line' id='line_1_15' title="bbox 193 2062 1306 2171; baseline 0.004 -29"><span class='ocrx_word' id='word_1_92' title='bbox 193 2063 401 2171; x_wconf 82' lang='lat' dir='ltr'><strong>Principum</strong></span> <span class='ocrx_word' id='word_1_93' title='bbox 427 2084 463 2144; x_wconf 91' lang='lat' dir='ltr'><strong>et</strong></span> <span class='ocrx_word' id='word_1_94' title='bbox 488 2070 746 2146; x_wconf 89' lang='lat' dir='ltr'><strong>Monachorum</strong></span> <span class='ocrx_word' id='word_1_95' title='bbox 772 2073 811 2145; x_wconf 92' lang='lat' dir='ltr'><strong>in</strong></span> <span class='ocrx_word' id='word_1_96' title='bbox 827 2068 973 2146; x_wconf 79' lang='lat' dir='ltr'><strong>medicis</strong></span> <span class='ocrx_word' id='word_1_97' title='bbox 994 2062 1163 2146; x_wconf 80' lang='lat' dir='ltr'><strong>doctrinis</strong></span> <span class='ocrx_word' id='word_1_98' title='bbox 1189 2071 1306 2170; x_wconf 84' lang='lat' dir='ltr'><strong>colen-</strong></span> 
     </span>
     <span class='ocr_line' id='line_1_16' title="bbox 192 2187 1365 2291; baseline 0 -29"><span class='ocrx_word' id='word_1_99' title='bbox 192 2187 247 2262; x_wconf 90' lang='lat' dir='ltr'><strong>dis</strong></span> <span class='ocrx_word' id='word_1_100' title='bbox 260 2203 308 2284; x_wconf 32' lang='lat' dir='ltr'><strong>&#39;et</strong></span> <span class='ocrx_word' id='word_1_101' title='bbox 342 2187 592 2288; x_wconf 84' lang='lat' dir='ltr'><strong>promovendis</strong></span> <span class='ocrx_word' id='word_1_102' title='bbox 626 2187 785 2264; x_wconf 87' lang='lat' dir='ltr'><strong>studium</strong></span> <span class='ocrx_word' id='word_1_103' title='bbox 821 2189 1048 2291; x_wconf 83' lang='lat' dir='ltr'><strong>praecipuam</strong></span> <span class='ocrx_word' id='word_1_104' title='bbox 1078 2187 1305 2264; x_wconf 82' lang='lat' dir='ltr'><strong>contulerunt</strong></span> <span class='ocrx_word' id='word_1_105' title='bbox 1361 2235 1365 2238; x_wconf 97' lang='lat'>-</span> 
     </span>
     <span class='ocr_line' id='line_1_17' title="bbox 191 2305 1306 2407; baseline 0 -29"><span class='ocrx_word' id='word_1_106' title='bbox 191 2305 413 2407; x_wconf 65' lang='lat' dir='ltr'><strong>symbolam,</strong></span> <span class='ocrx_word' id='word_1_107' title='bbox 448 2305 543 2381; x_wconf 89' lang='lat' dir='ltr'><strong>unde</strong></span> <span class='ocrx_word' id='word_1_108' title='bbox 578 2305 777 2382; x_wconf 80' lang='lat' dir='ltr'><strong>Onomrcus</strong></span> <span class='ocrx_word' id='word_1_109' title='bbox 815 2307 985 2404; x_wconf 66' lang='lat' dir='ltr'><strong>virius,</strong></span> <span class='ocrx_word' id='word_1_110' title='bbox 1013 2307 1221 2403; x_wconf 85' lang='lat' dir='ltr'><strong>historicus,</strong></span> <span class='ocrx_word' id='word_1_111' title='bbox 1246 2305 1306 2406; x_wconf 87' lang='lat' dir='ltr'><strong>qui</strong></span> 
     </span>
     <span class='ocr_line' id='line_1_18' title="bbox 192 2423 1326 2530; baseline 0.001 -31"><span class='ocrx_word' id='word_1_112' title='bbox 192 2427 232 2500; x_wconf 85' lang='grc' dir='ltr'><strong>Α.</strong></span> <span class='ocrx_word' id='word_1_113' title='bbox 265 2426 351 2520; x_wconf 77' lang='grc' dir='ltr'><strong>ιι4ι</strong></span> <span class='ocrx_word' id='word_1_114' title='bbox 383 2425 491 2522; x_wconf 88' lang='lat' dir='ltr'><strong>obiit,</strong></span> <span class='ocrx_word' id='word_1_115' title='bbox 516 2423 713 2526; x_wconf 85' lang='lat' dir='ltr'><strong>Collegium</strong></span> <span class='ocrx_word' id='word_1_116' title='bbox 737 2425 827 2502; x_wconf 91' lang='lat' dir='ltr'><strong>illud</strong></span> <span class='ocrx_word' id='word_1_117' title='bbox 851 2453 916 2530; x_wconf 91' lang='lat' dir='ltr'><strong>per</strong></span> <span class='ocrx_word' id='word_1_118' title='bbox 944 2427 1150 2502; x_wconf 85' lang='lat' dir='ltr'><strong>universum</strong></span> <span class='ocrx_word' id='word_1_119' title='bbox 1181 2425 1326 2524; x_wconf 85' lang='lat' dir='ltr'><strong>orbem¹</strong></span> 
     </span>
     <span class='ocr_line' id='line_1_19' title="bbox 192 2533 1308 2648; baseline -0.003 -30"><span class='ocrx_word' id='word_1_120' title='bbox 192 2542 259 2618; x_wconf 85' lang='lat' dir='ltr'><strong>ob¹</strong></span> <span class='ocrx_word' id='word_1_121' title='bbox 284 2542 481 2616; x_wconf 78' lang='lat' dir='ltr'><strong>medicinae</strong></span> <span class='ocrx_word' id='word_1_122' title='bbox 523 2543 706 2618; x_wconf 81' lang='lat' dir='ltr'><strong>scientiam</strong></span> <span class='ocrx_word' id='word_1_123' title='bbox 751 2543 845 2619; x_wconf 85' lang='lat' dir='ltr'><strong>sama</strong></span> <span class='ocrx_word' id='word_1_124' title='bbox 886 2543 1133 2648; x_wconf 70' lang='lat' dir='ltr'><strong>peruulgatam</strong></span> <span class='ocrx_word' id='word_1_125' title='bbox 1175 2533 1308 2638; x_wconf 77' lang='lat' dir='ltr'><strong>fuisse,</strong></span> 
     </span>
     <span class='ocr_line' id='line_1_20' title="bbox 192 2653 420 2762; baseline 0.004 -28"><span class='ocrx_word' id='word_1_126' title='bbox 192 2653 420 2762; x_wconf 76' lang='lat' dir='ltr'><strong>praedicavit.</strong></span> 
     </span>
    </p>

    <p class='ocr_par' dir='ltr' id='par_1_3' title="bbox 191 2774 1357 4410">
     <span class='ocr_line' id='line_1_21' title="bbox 268 2774 1307 2878; baseline -0.004 -24"><span class='ocrx_word' id='word_1_127' title='bbox 268 2781 517 2856; x_wconf 80' lang='lat' dir='ltr'><strong>Gsnoronros</strong></span> <span class='ocrx_word' id='word_1_128' title='bbox 559 2784 573 2874; x_wconf 89' lang='lat'><strong>(</strong></span> <span class='ocrx_word' id='word_1_129' title='bbox 602 2774 696 2875; x_wconf 74' lang='lat'><strong>1054</strong></span> <span class='ocrx_word' id='word_1_130' title='bbox 720 2783 763 2878; x_wconf 85' lang='lat'><strong>),</strong></span> <span class='ocrx_word' id='word_1_131' title='bbox 804 2777 981 2854; x_wconf 79' lang='lat' dir='ltr'><strong>Jossnnns</strong></span> <span class='ocrx_word' id='word_1_132' title='bbox 1025 2775 1307 2852; x_wconf 76' lang='lat' dir='ltr'><strong>Msoromnsnsrs</strong></span> 
     </span>
     <span class='ocr_line' id='line_1_22' title="bbox 191 2897 1308 2998; baseline -0.004 -28"><span class='ocrx_word' id='word_1_133' title='bbox 191 2901 205 2990; x_wconf 88' lang='lat'><strong>(</strong></span> <span class='ocrx_word' id='word_1_134' title='bbox 228 2923 320 2970; x_wconf 87' lang='lat' dir='ltr'><strong>rroo</strong></span> <span class='ocrx_word' id='word_1_135' title='bbox 337 2905 375 2998; x_wconf 91' lang='lat'><strong>),</strong></span> <span class='ocrx_word' id='word_1_136' title='bbox 399 2897 577 2972; x_wconf 81' lang='lat' dir='ltr'><strong>Nroocsos</strong></span> <span class='ocrx_word' id='word_1_137' title='bbox 608 2897 847 2972; x_wconf 81' lang='lat' dir='ltr'><strong>Pmsrosrros</strong></span> <span class='ocrx_word' id='word_1_138' title='bbox 883 2903 896 2990; x_wconf 88' lang='lat'>(</span> <span class='ocrx_word' id='word_1_139' title='bbox 917 2921 1009 2969; x_wconf 88' lang='lat'>1110</span> <span class='ocrx_word' id='word_1_140' title='bbox 1025 2903 1055 2990; x_wconf 90' lang='lat'><strong>),</strong></span> <span class='ocrx_word' id='word_1_141' title='bbox 1088 2897 1308 2968; x_wconf 77' lang='lat' dir='ltr'><strong>Pmrnnnrus</strong></span> 
     </span>
     <span class='ocr_line' id='line_1_23' title="bbox 193 3009 1309 3112; baseline -0.004 -26"><span class='ocrx_word' id='word_1_142' title='bbox 193 3038 317 3086; x_wconf 81' lang='lat' dir='ltr'><strong>srnron</strong></span> <span class='ocrx_word' id='word_1_143' title='bbox 341 3019 353 3105; x_wconf 86' lang='grc'><strong>(</strong></span> <span class='ocrx_word' id='word_1_144' title='bbox 376 3009 468 3086; x_wconf 85' lang='lat'><strong>1150</strong></span> <span class='ocrx_word' id='word_1_145' title='bbox 485 3020 519 3109; x_wconf 92' lang='lat'><strong>),</strong></span> <span class='ocrx_word' id='word_1_146' title='bbox 542 3025 648 3112; x_wconf 81' lang='lat' dir='ltr'><strong>atque</strong></span> <span class='ocrx_word' id='word_1_147' title='bbox 664 3013 841 3084; x_wconf 77' lang='lat' dir='ltr'><strong>Asornrm</strong></span> <span class='ocrx_word' id='word_1_148' title='bbox 863 3011 1112 3086; x_wconf 82' lang='lat' dir='ltr'><strong>Consonr&#39;snsrs</strong></span> <span class='ocrx_word' id='word_1_149' title='bbox 1137 3011 1262 3103; x_wconf 85' lang='lat'>(1180</span> <span class='ocrx_word' id='word_1_150' title='bbox 1280 3015 1309 3104; x_wconf 84' lang='lat'><strong>),</strong></span> 
     </span>
     <span class='ocr_line' id='line_1_24' title="bbox 194 3125 1308 3228; baseline -0.002 -28"><span class='ocrx_word' id='word_1_151' title='bbox 194 3131 289 3200; x_wconf 86' lang='lat' dir='ltr'><strong>inter</strong></span> <span class='ocrx_word' id='word_1_152' title='bbox 312 3130 520 3228; x_wconf 81' lang='lat' dir='ltr'><strong>praecipuos</strong></span> <span class='ocrx_word' id='word_1_153' title='bbox 545 3129 660 3203; x_wconf 86' lang='lat' dir='ltr'><strong>notan&#39;</strong></span> <span class='ocrx_word' id='word_1_154' title='bbox 685 3139 876 3201; x_wconf 83' lang='lat' dir='ltr'><strong>merentur</strong></span> <span class='ocrx_word' id='word_1_155' title='bbox 896 3127 1002 3228; x_wconf 88' lang='lat' dir='ltr'><strong>hujus</strong></span> <span class='ocrx_word' id='word_1_156' title='bbox 1031 3125 1180 3202; x_wconf 90' lang='lat' dir='ltr'><strong>Palladii</strong></span> <span class='ocrx_word' id='word_1_157' title='bbox 1209 3127 1308 3199; x_wconf 89' lang='lat' dir='ltr'><strong>insti·</strong></span> 
     </span>
     <span class='ocr_line' id='line_1_25' title="bbox 195 3243 1309 3346; baseline -0.004 -26"><span class='ocrx_word' id='word_1_158' title='bbox 195 3261 340 3320; x_wconf 85' lang='lat' dir='ltr'><strong>tutores.</strong></span> <span class='ocrx_word' id='word_1_159' title='bbox 370 3247 535 3346; x_wconf 80' lang='lat' dir='ltr'><strong>Superest</strong></span> <span class='ocrx_word' id='word_1_160' title='bbox 570 3244 686 3318; x_wconf 89' lang='lat' dir='ltr'><strong>adhuc</strong></span> <span class='ocrx_word' id='word_1_161' title='bbox 719 3247 872 3342; x_wconf 73' lang='lat' dir='ltr'><strong>regrirsen</strong></span> <span class='ocrx_word' id='word_1_162' title='bbox 908 3249 1071 3318; x_wconf 66' lang='lat' dir='ltr'><strong>caninos</strong></span> <span class='ocrx_word' id='word_1_163' title='bbox 1100 3243 1240 3326; x_wconf 74' lang='lat' dir='ltr'><strong>Satemt</strong></span> <span class='ocrx_word' id='word_1_164' title='bbox 1248 3266 1309 3333; x_wconf 85' lang='lat' dir='ltr'><strong>,a</strong></span> 
     </span>
     <span class='ocr_line' id='line_1_26' title="bbox 193 3361 1357 3464; baseline -0.001 -27"><span class='ocrx_word' id='word_1_165' title='bbox 193 3361 358 3438; x_wconf 87' lang='lat' dir='ltr'><strong>Johanne</strong></span> <span class='ocrx_word' id='word_1_166' title='bbox 384 3361 656 3460; x_wconf 83' lang='lat' dir='ltr'><strong>Mediolanensi,</strong></span> <span class='ocrx_word' id='word_1_167' title='bbox 681 3377 722 3436; x_wconf 94' lang='lat' dir='ltr'><strong>ut</strong></span> <span class='ocrx_word' id='word_1_168' title='bbox 745 3363 875 3464; x_wconf 83' lang='lat' dir='ltr'><strong>passim</strong></span> <span class='ocrx_word' id='word_1_169' title='bbox 892 3363 1123 3464; x_wconf 84' lang='lat' dir='ltr'><strong>supponitur,</strong></span> <span class='ocrx_word' id='word_1_170' title='bbox 1145 3361 1306 3438; x_wconf 78' lang='lat' dir='ltr'><strong>versibus</strong></span> <span class='ocrx_word' id='word_1_171' title='bbox 1353 3439 1357 3450; x_wconf 76' lang='grc'>,</span> 
     </span>
     <span class='ocr_line' id='line_1_27' title="bbox 193 3465 1308 3582; baseline -0.002 -26"><span class='ocrx_word' id='word_1_172' title='bbox 193 3481 342 3562; x_wconf 82' lang='lat' dir='ltr'><strong>leoninis</strong></span> <span class='ocrx_word' id='word_1_173' title='bbox 369 3465 629 3582; x_wconf 83' lang='lat' dir='ltr'><strong>conscriptum,</strong></span> <span class='ocrx_word' id='word_1_174' title='bbox 663 3479 761 3582; x_wconf 89' lang='lat' dir='ltr'><strong>quod</strong></span> <span class='ocrx_word' id='word_1_175' title='bbox 794 3481 913 3555; x_wconf 90' lang='lat' dir='ltr'><strong>saucio</strong></span> <span class='ocrx_word' id='word_1_176' title='bbox 943 3481 1033 3580; x_wconf 79' lang='lat' dir='ltr'><strong>regis</strong></span> <span class='ocrx_word' id='word_1_177' title='bbox 1064 3479 1209 3580; x_wconf 74' lang='lat' dir='ltr'><strong>Angliae</strong></span> <span class='ocrx_word' id='word_1_178' title='bbox 1234 3479 1308 3554; x_wconf 87' lang='lat' dir='ltr'><strong>lilio</strong></span> 
     </span>
     <span class='ocr_line' id='line_1_28' title="bbox 193 3593 1307 3690; baseline -0.004 -18"><span class='ocrx_word' id='word_1_179' title='bbox 193 3597 351 3673; x_wconf 84' lang='lat' dir='ltr'><strong>Roberto</strong></span> <span class='ocrx_word' id='word_1_180' title='bbox 375 3598 540 3673; x_wconf 84' lang='lat' dir='ltr'><strong>dicanmt</strong></span> <span class='ocrx_word' id='word_1_181' title='bbox 562 3596 739 3670; x_wconf 89' lang='lat' dir='ltr'><strong>monachi.</strong></span> <span class='ocrx_word' id='word_1_182' title='bbox 764 3597 858 3690; x_wconf 86' lang='lat' dir='ltr'><strong>(Ed.</strong></span> <span class='ocrx_word' id='word_1_183' title='bbox 884 3593 1129 3670; x_wconf 78' lang='lat' dir='ltr'><strong>delermanni.</strong></span> <span class='ocrx_word' id='word_1_184' title='bbox 1152 3594 1307 3670; x_wconf 87' lang='lat' dir='ltr'><strong>Stendal.</strong></span> 
     </span>
     <span class='ocr_line' id='line_1_29' title="bbox 198 3707 1309 3818; baseline -0.003 -27"><span class='ocrx_word' id='word_1_185' title='bbox 198 3707 292 3818; x_wconf 52' lang='lat'>&#39;¹79⁰</span> <span class='ocrx_word' id='word_1_186' title='bbox 309 3723 331 3810; x_wconf 86' lang='lat'><strong>).</strong></span> <span class='ocrx_word' id='word_1_187' title='bbox 358 3717 546 3790; x_wconf 86' lang='lat' dir='ltr'><strong>Summum</strong></span> <span class='ocrx_word' id='word_1_188' title='bbox 577 3716 730 3817; x_wconf 86' lang='lat' dir='ltr'><strong>denique</strong></span> <span class='ocrx_word' id='word_1_189' title='bbox 758 3717 982 3818; x_wconf 81' lang='lat' dir='ltr'><strong>perfectionis</strong></span> <span class='ocrx_word' id='word_1_190' title='bbox 1013 3715 1155 3790; x_wconf 90' lang='lat' dir='ltr'><strong>culmen</strong></span> <span class='ocrx_word' id='word_1_191' title='bbox 1185 3714 1309 3814; x_wconf 86' lang='lat' dir='ltr'><strong>adtigit</strong></span> 
     </span>
     <span class='ocr_line' id='line_1_30' title="bbox 193 3831 1306 3932; baseline -0.004 -24"><span class='ocrx_word' id='word_1_192' title='bbox 193 3831 323 3908; x_wconf 84' lang='lat' dir='ltr'><strong>Schola</strong></span> <span class='ocrx_word' id='word_1_193' title='bbox 350 3832 570 3906; x_wconf 82' lang='lat' dir='ltr'><strong>Salernitana</strong></span> <span class='ocrx_word' id='word_1_194' title='bbox 597 3833 690 3906; x_wconf 87' lang='lat' dir='ltr'><strong>circa</strong></span> <span class='ocrx_word' id='word_1_195' title='bbox 714 3834 755 3906; x_wconf 62' lang='lat' dir='ltr'><strong>ri</strong></span> <span class='ocrx_word' id='word_1_196' title='bbox 787 3833 879 3906; x_wconf 76' lang='lat'><strong>1238</strong></span> <span class='ocrx_word' id='word_1_197' title='bbox 906 3832 973 3906; x_wconf 86' lang='lat' dir='ltr'><strong>sub</strong></span> <span class='ocrx_word' id='word_1_198' title='bbox 999 3831 1159 3906; x_wconf 87' lang='lat' dir='ltr'><strong>benefico</strong></span> <span class='ocrx_word' id='word_1_199' title='bbox 1184 3833 1306 3932; x_wconf 88' lang='lat' dir='ltr'><strong>impc-</strong></span> 
     </span>
     <span class='ocr_line' id='line_1_31' title="bbox 193 3945 1310 4049; baseline -0.005 -25"><span class='ocrx_word' id='word_1_200' title='bbox 193 3949 321 4024; x_wconf 88' lang='lat' dir='ltr'><strong>ratoris</strong></span> <span class='ocrx_word' id='word_1_201' title='bbox 349 3949 529 4022; x_wconf 79' lang='lat' dir='ltr'><strong>Fnronnrcr</strong></span> <span class='ocrx_word' id='word_1_202' title='bbox 554 3951 600 4023; x_wconf 86' lang='grc' dir='ltr'><strong>ΙΙ.</strong></span> <span class='ocrx_word' id='word_1_203' title='bbox 624 3949 821 4045; x_wconf 84' lang='lat' dir='ltr'><strong>tutamine,</strong></span> <span class='ocrx_word' id='word_1_204' title='bbox 851 3949 912 4049; x_wconf 75' lang='lat' dir='ltr'><strong>(pri</strong></span> <span class='ocrx_word' id='word_1_205' title='bbox 942 3973 1015 4023; x_wconf 91' lang='lat' dir='ltr'><strong>non</strong></span> <span class='ocrx_word' id='word_1_206' title='bbox 1050 3947 1166 4023; x_wconf 90' lang='lat' dir='ltr'><strong>solum</strong></span> <span class='ocrx_word' id='word_1_207' title='bbox 1191 3945 1310 4048; x_wconf 87' lang='lat' dir='ltr'><strong>ampla</strong></span> 
     </span>
     <span class='ocr_line' id='line_1_32' title="bbox 195 4067 1310 4174; baseline -0.008 -28"><span class='ocrx_word' id='word_1_208' title='bbox 195 4069 335 4146; x_wconf 86' lang='lat' dir='ltr'><strong>florenti</strong></span> <span class='ocrx_word' id='word_1_209' title='bbox 352 4075 424 4174; x_wconf 85' lang='lat' dir='ltr'><strong>jam</strong></span> <span class='ocrx_word' id='word_1_210' title='bbox 439 4069 602 4167; x_wconf 86' lang='lat' dir='ltr'><strong>scholae,</strong></span> <span class='ocrx_word' id='word_1_211' title='bbox 618 4069 792 4144; x_wconf 89' lang='lat' dir='ltr'><strong>concessit</strong></span> <span class='ocrx_word' id='word_1_212' title='bbox 807 4069 1008 4169; x_wconf 71' lang='lat' dir='ltr'><strong>privilegia,</strong></span> <span class='ocrx_word' id='word_1_213' title='bbox 1024 4106 1074 4124; x_wconf 88' lang='lat'><strong>—-</strong></span> <span class='ocrx_word' id='word_1_214' title='bbox 1090 4067 1198 4168; x_wconf 86' lang='lat' dir='ltr'><strong>idque</strong></span> <span class='ocrx_word' id='word_1_215' title='bbox 1210 4089 1310 4168; x_wconf 88' lang='lat' dir='ltr'><strong>prae-</strong></span> 
     </span>
     <span class='ocr_line' id='line_1_33' title="bbox 197 4182 1308 4288; baseline -0.005 -28"><span class='ocrx_word' id='word_1_216' title='bbox 197 4189 342 4286; x_wconf 87' lang='lat' dir='ltr'><strong>sertim,</strong></span> <span class='ocrx_word' id='word_1_217' title='bbox 366 4202 428 4283; x_wconf 85' lang='lat' dir='ltr'><strong>ut,</strong></span> <span class='ocrx_word' id='word_1_218' title='bbox 452 4201 699 4288; x_wconf 83' lang='lat' dir='ltr'><strong>praeterquam</strong></span> <span class='ocrx_word' id='word_1_219' title='bbox 724 4188 757 4260; x_wconf 88' lang='lat' dir='ltr'><strong>ei</strong></span> <span class='ocrx_word' id='word_1_220' title='bbox 782 4201 819 4262; x_wconf 88' lang='lat' dir='ltr'><strong>et</strong></span> <span class='ocrx_word' id='word_1_221' title='bbox 849 4185 1121 4288; x_wconf 84' lang='lat' dir='ltr'><strong>Neapolitanae,</strong></span> <span class='ocrx_word' id='word_1_222' title='bbox 1144 4186 1184 4258; x_wconf 75' lang='lat' dir='ltr'><strong>A,</strong></span> <span class='ocrx_word' id='word_1_223' title='bbox 1216 4182 1308 4256; x_wconf 78' lang='lat'><strong>1225</strong></span> 
     </span>
     <span class='ocr_line' id='line_1_34' title="bbox 195 4303 1310 4410; baseline -0.006 -27"><span class='ocrx_word' id='word_1_224' title='bbox 195 4308 376 4410; x_wconf 83' lang='lat' dir='ltr'><strong>corrditac,</strong></span> <span class='ocrx_word' id='word_1_225' title='bbox 398 4307 487 4382; x_wconf 83' lang='lat' dir='ltr'><strong>rrulli</strong></span> <span class='ocrx_word' id='word_1_226' title='bbox 512 4307 570 4380; x_wconf 90' lang='lat' dir='ltr'><strong>alii</strong></span> <span class='ocrx_word' id='word_1_227' title='bbox 596 4307 737 4382; x_wconf 92' lang='lat' dir='ltr'><strong>Gradus</strong></span> <span class='ocrx_word' id='word_1_228' title='bbox 762 4321 798 4381; x_wconf 93' lang='lat' dir='ltr'><strong>et</strong></span> <span class='ocrx_word' id='word_1_229' title='bbox 822 4308 1018 4380; x_wconf 85' lang='lat' dir='ltr'><strong>Licentiam</strong></span> <span class='ocrx_word' id='word_1_230' title='bbox 1042 4305 1166 4406; x_wconf 84' lang='lat' dir='ltr'><strong>praxin</strong></span> <span class='ocrx_word' id='word_1_231' title='bbox 1197 4303 1310 4377; x_wconf 88' lang='lat' dir='ltr'><strong>medi-</strong></span> 
     </span>
    </p>
   </div>
   <div class='ocr_carea' id='block_1_2' title="bbox 196 4423 1437 4524">
    <p class='ocr_par' dir='ltr' id='par_1_4' title="bbox 196 4423 1437 4524">
     <span class='ocr_line' id='line_1_35' title="bbox 196 4423 1437 4524; baseline -0.006 -22"><span class='ocrx_word' id='word_1_232' title='bbox 196 4453 275 4502; x_wconf 89' lang='lat' dir='ltr'><strong>cam</strong></span> <span class='ocrx_word' id='word_1_233' title='bbox 300 4427 485 4500; x_wconf 84' lang='lat' dir='ltr'><strong>exercendi</strong></span> <span class='ocrx_word' id='word_1_234' title='bbox 510 4425 668 4501; x_wconf 78' lang='lat' dir='ltr'><strong>conterre</strong></span> <span class='ocrx_word' id='word_1_235' title='bbox 693 4425 834 4524; x_wconf 64' lang='lat' dir='ltr'><strong>liceret,</strong></span> <span class='ocrx_word' id='word_1_236' title='bbox 857 4469 908 4482; x_wconf 90' lang='lat'><strong>—-</strong></span> <span class='ocrx_word' id='word_1_237' title='bbox 932 4425 1125 4499; x_wconf 86' lang='lat' dir='ltr'><strong>sedetiam</strong></span> <span class='ocrx_word' id='word_1_238' title='bbox 1152 4423 1310 4498; x_wconf 85' lang='lat' dir='ltr'><strong>Arabum</strong></span> <span class='ocrx_word' id='word_1_239' title='bbox 1433 4431 1437 4437; x_wconf 84' lang='grc'><strong>’</strong></span> 
     </span>
    </p>
   </div>
   <div class='ocr_carea' id='block_1_3' title="bbox 195 4539 1306 4647">
    <p class='ocr_par' dir='ltr' id='par_1_5' title="bbox 195 4539 1306 4647">
     <span class='ocr_line' id='line_1_36' title="bbox 195 4539 1306 4647; baseline -0.003 -31"><span class='ocrx_word' id='word_1_240' title='bbox 195 4545 325 4647; x_wconf 85' lang='lat' dir='ltr'><strong>scn&#39;pta</strong></span> <span class='ocrx_word' id='word_1_241' title='bbox 350 4543 390 4618; x_wconf 93' lang='lat' dir='ltr'><strong>in</strong></span> <span class='ocrx_word' id='word_1_242' title='bbox 413 4543 564 4620; x_wconf 90' lang='lat' dir='ltr'><strong>latinum</strong></span> <span class='ocrx_word' id='word_1_243' title='bbox 588 4539 787 4620; x_wconf 85' lang='lat' dir='ltr'><strong>sermonem</strong></span> <span class='ocrx_word' id='word_1_244' title='bbox 819 4543 998 4618; x_wconf 80' lang='lat' dir='ltr'><strong>transferri</strong></span> <span class='ocrx_word' id='word_1_245' title='bbox 1031 4541 1131 4616; x_wconf 83' lang='lat' dir='ltr'><strong>enixe</strong></span> <span class='ocrx_word' id='word_1_246' title='bbox 1161 4543 1306 4619; x_wconf 83' lang='lat' dir='ltr'><strong>curarit.</strong></span> 
     </span>
    </p>
   </div>
   <div class='ocr_carea' id='block_1_4' title="bbox 0 0 1625 5166">
    <p class='ocr_par' dir='ltr' id='par_1_6' title="bbox 0 0 1625 5166">
     <span class='ocr_line' id='line_1_37' title="bbox 0 0 1625 5166; baseline 0 0"><span class='ocrx_word' id='word_1_247' title='bbox 0 0 1625 5166; x_wconf 95' lang='lat' dir='ltr'><strong> </strong></span> 
     </span>
    </p>
   </div>
  </div>
 </body>
</html>
