3264 5194
353 293 367 342 ι

341 293 510 484 giilirui,
543 407 579 466 et
614 395 651 468 in
677 387 893 470 'aueriosum
929 395 1098 474 conversi.
1134 393 1405 491 Quamobrem,
1433 397 1464 467 si

345 532 466 604 aegros
492 509 612 583 crebra
646 511 784 588 trahere
819 515 990 614 suspiria,
1027 513 1133 614 idque
1167 539 1250 590 cum
1283 513 1466 588 solamine

303 653 306 662 “
344 624 625 724 horinassus,
656 631 839 704 fundatam
874 655 1014 731 semper
1048 629 1141 702 alere
1172 629 1223 703 las
1253 644 1309 703 est
1339 629 1464 729 suspi-

343 743 482 816 cionem
509 747 582 818 vitii
609 747 876 846 praecordialis,
901 749 937 820 in
963 747 1092 844 corde,
1119 745 1175 823 vel
1199 747 1293 820 vasis
1313 747 1464 845 majori·

338 861 416 936 bus.
444 863 715 966 Qualcscunque
741 865 871 940 suerint
896 893 1038 964 causae,
1054 891 1145 966 quae
1162 867 1323 940 transitui
1341 864 1462 939 libero

338 985 517 1082 sanguinis
538 1001 606 1085 'per
630 1003 754 1062 caveas
780 987 896 1060 cordis
932 985 1088 1081 dextras,
1123 990 1269 1085 ejusque
1303 983 1461 1058 iufluxui

339 1101 378 1173 in
403 1102 567 1173 arteriam
592 1101 832 1202 pulmonalem
857 1103 995 1176 obicem
1020 1117 1181 1203 ponunt,
1204 1145 1255 1158 -
1285 1103 1361 1176 sive
1390 1127 1457 1176 co·

339 1217 397 1317 pia
415 1217 585 1290 excedens
603 1217 715 1292 laticis
732 1219 848 1292 vitalis
865 1221 919 1312 (iu
936 1219 1121 1314 carditide‚
1138 1218 1461 1320 cardievrysmate,

339 1336 630 1436 peripneumonia
648 1393 658 1432 ,
683 1335 751 1410 sub
776 1339 1001 1412 cursitatioue
1017 1344 1050 1431 ),
1065 1339 1141 1411 sive
1157 1337 1462 1438 impedimentum

342 1457 589 1532 mechanicum
621 1457 686 1550 (in
717 1455 1001 1558 hydrothorace,
1034 1454 1369 1558 hydropericardio,
1400 1454 1460 1528 tli-

340 1571 499 1667 clostosi,
523 1572 704 1674 polyposis
729 1571 981 1648 saroomatibus
998 1580 1031 1670 ),
1054 1575 1128 1646 sive
1153 1571 1302 1673 simplex
1327 1597 1459 1645 nervo-

339 1719 420 1764 rum
446 1692 687 1767 cardiacorum
711 1695 894 1767 infimritas
920 1693 1000 1785 (uti
1024 1691 1091 1770 sub
1116 1693 1207 1765 tristi
1237 1690 1459 1792 pathemate,

338 1808 376 1879 in
393 1807 647 1906 melancholia,
662 1810 875 1910 hysterismo
890 1815 923 1905 ),
938 1849 990 1868 --·
1006 1810 1239 1883 autumatione
1260 1806 1454 1906 diaphrag-

338 1925 443 1996 matis
468 1925 637 1998 concitari
662 1925 753 2000 solet
777 1939 915 2022 motus,
944 1951 1017 2026 quo
1052 1923 1239 2026 pulmones
1274 1921 1457 2024 sxphceu-

344 2054 418 2134 tur,
446 2043 624 2139 saraguinis
661 2044 699 2114 in
741 2069 782 2115 ea
818 2041 970 2116 influxus
1012 2057 1268 2144 promovetur,
1303 2042 1456 2142 parique

340 2171 500 2256 tempore
524 2183 646 2231 sursus
682 2160 913 2259 opprimentis
955 2161 1094 2260 angoris
1135 2159 1260 2236 saltem
1284 2185 1349 2260 pro
1372 2184 1455 2233 mo-

342 2288 464 2347 mento
488 2273 752 2374 permulcetur3
776 2276 843 2350 nisi
867 2277 905 2349 in
929 2277 1015 2376 ipsis
1034 2275 1262 2378 pulmonibus
1286 2274 1455 2350 aheneu-

340 2389 417 2463 lum
443 2391 568 2485 luerit‚
592 2417 666 2492 quo
699 2393 815 2493 posito
851 2395 999 2495 suspiria
1040 2393 1215 2494 profunda
1258 2393 1350 2470 trabi
1371 2419 1456 2468 ure·

339 2527 495 2612 queunt,
524 2512 728 2613 imperfecta
766 2539 851 2586 vero
875 2513 1141 2588 consolantur.
1169 2555 1221 2572 --
1244 2511 1454 2588 Obveniunt

337 2627 563 2703 nihilosecius
597 2631 636 2702 in
671 2631 771 2732 praxi
796 2631 911 2708 cordis
948 2633 1063 2728 vitia,
1099 2657 1252 2733 quorum
1288 2630 1355 2704 sub
1390 2631 1454 2704 de·

336 2773 442 2824 cursu
467 2749 631 2844 rariores,
664 2749 854 2858 minupque
890 2749 1067 2823 manifesti
1103 2775 1178 2823 esse
1214 2765 1453 2824 consuescunt

335 2879 482 2941 conatus
508 2867 697 2967 suspiriosi.
723 2867 859 2959 Quodsi
884 2868 1146 2968 extispiciorum
1171 2891 1239 2968 ope
1269 2865 1451 2940 decidere·

335 3003 415 3082 tur,
440 2987 476 3058 in
502 2985 674 3087 ejusmodi
700 2986 839 3059 casibus
864 2986 980 3062 cordis
1004 2987 1136 3060 sinistri
1160 2986 1288 3058 vitium
1316 2985 1452 3083 luisse,

334 3119 421 3178 tunc
445 3105 551 3176 etiam
576 3095 811 3202 phaenomeni
835 3106 1009 3180 rationem
1034 3105 1149 3206 quivis
1175 3103 1277 3177 facile
1313 3103 1447 3178 iruelli-

334 3239 416 3326 get‚
440 3223 634 3298 dummodo
658 3225 816 3298 animum
842 3225 887 3300 ad
912 3227 1126 3300 anatomicos
1161 3238 1200 3298 et
1234 3222 1452 3325 physiologi-

334 3363 420 3434 cas,
445 3366 536 3440 quae
561 3357 623 3412 cor
651 3340 743 3412 iuter
778 3356 814 3414 et
844 3340 1030 3444 pulmones
1071 3343 1219 3440 vigent,
1260 3340 1449 3414 relationes

334 3474 527 3532 convertat
545 3459 682 3532 Haecce
700 3475 818 3534 autem
836 3476 954 3536 nostra
972 3466 1174 3562 conjectura
1191 3459 1308 3534 adhuc
1331 3459 1447 3532 multo

331 3580 503 3676 majorem
526 3575 848 3651 verosimilitudiuis
874 3579 1021 3678 gradum
1046 3578 1271 3680 adipiscitur,
1295 3580 1324 3651 si
1347 3603 1447 3652 com-

332 3710 518 3796 putamus,
541 3697 690 3769 rariores
720 3723 795 3771 esse
830 3723 931 3772 casus
960 3700 1129 3773 vitiorum
1153 3695 1448 3800 praecordialium

332 3814 408 3886 siue
432 3813 608 3914 suspiriis,
633 3815 804 3892 innuente
829 3817 1042 3916 experientia
1060 3817 1274 3917 ‚minusque
1296 3841 1446 3916 pronam

332 3930 519 4031 sphaeram
544 3929 658 4005 cordis
689 3933 867 4006 sinistram
908 3935 946 4007 in
987 3935 1072 4008 vitia
1116 3949 1188 4007 tam
1230 3933 1447 4034 dynamica,

331 4073 440 4148 quam
464 4049 647 4148 organica,
671 4049 881 4124 docentibus
919 4027 1173 4152 necroscopiis‚
1204 4064 1242 4124 et
1275 4049 1447 4143 suadente

329 4167 573 4268 physiologia3
599 4193 660 4242 cor
686 4170 780 4242 euim
805 4171 1007 4267 sinistrum,
1037 4172 1168 4271 partim
1198 4167 1245 4242 ob
1278 4193 1444 4268 compac-

331 4285 440 4357 tiores
466 4299 502 4358 et
529 4283 686 4360 fortiores
712 4287 884 4387 parietes,
908 4291 1039 4389 partim
1063 4287 1111 4362 ob
1140 4293 1312 4390 majorem
1343 4311 1446 4360 euer-

333 4401 426 4497 giam
443 4403 496 4477 vis
513 4403 740 4501 musculum,
755 4406 924 4507 sanguine
943 4432 964 4481 e
980 4405 1208 4509 pulmonibus
1227 4407 1290 4501 „vix
1305 4431 1445 4508 egresso
