3264 5194
344 255 413 328 130

337 372 381 445 tis
405 371 516 470 aegris
544 363 733 446 intervallo
766 385 897 436 novem
927 359 1101 431 mensium
1130 359 1349 459 pertractatis
1378 382 1451 436 no·

334 487 532 563 vemdecim
556 498 755 558 extremum
778 475 967 554 obivenmt
996 474 1114 571 diem,
1147 487 1185 550 et
1217 475 1340 574 viginti
1369 473 1448 550 duo

332 599 617 705 irreparabilibus
642 597 744 674 malis
768 581 976 692 conflictati,
999 579 1201 696 precarium
1220 593 1360 668 nemrisi
1384 591 1450 666 ba·

331 719 440 796 buere
464 719 717 795 levamentum.

382 835 598 914 Comtitratio
622 833 811 936 epidemica
835 852 959 904 armuo
983 837 1169 928 sequentes
1199 821 1359 900 exhibuit
1381 851 1448 900 ra-

330 957 496 1032 riationes
520 955 736 1056 praecipuae.
761 950 889 1051 Syrma
913 946 1075 1022 autumni
1102 969 1275 1046 perquam
1303 943 1445 1021 humidi

330 1087 500 1151 notarunt
515 1072 629 1146 sebres
646 1082 838 1172 quartanae
853 1066 1074 1170 pervicaces,
1089 1063 1128 1138 in
1150 1061 1328 1166 hydropes
1345 1089 1445 1142 sum·

330 1213 477 1290 mopere
507 1211 649 1288 pronae.
679 1225 730 1242 -
764 1182 950 1297 Epidemia
985 1178 1145 1291 bybenra
1172 1177 1445 1255 brflammatoria

328 1309 534 1410 miticipavit
557 1319 697 1408 praeter
721 1329 877 1401 morem,
901 1299 1013 1384 altum
1042 1300 1166 1399 adtigit
1200 1300 1364 1400 gradum,
1393 1299 1444 1376 ad

327 1428 436 1500 finem
461 1425 578 1500 Martii
603 1449 714 1526 usque
738 1423 872 1522 viguit,
895 1420 1087 1521 primisque
1118 1419 1298 1521 teporibus
1322 1421 1443 1496 remis

326 1547 387 1620 vix
410 1544 580 1645 dissipata
603 1544 734 1618 iterum
757 1538 940 1616 recanduit
974 1537 1041 1612 sub
1075 1539 1183 1612 finem
1217 1537 1440 1614 inclementis

325 1661 465 1766 Aprilis.
488 1665 633 1738 Praeter
648 1673 832 1736 consuetas
848 1655 1166 1735 inflammationem
1182 1655 1329 1755 normas,
1344 1657 1438 1758 peri-

326 1780 583 1878 pneumonias,
617 1765 784 1878 anginas,
822 1773 1048 1876 pleuriticos,
1083 1772 1268 1852 rheumata
1307 1788 1441 1872 acuta,

325 1893 579 1995 ophthalmiaa,
602 1909 669 1970 etc.
694 1894 934 1980 adtentionem
958 1905 1115 1972 bosnam
1131 1891 1322 1968 concitavit
1342 1893 1437 1968 ineo·

325 2007 388 2084 lita
412 2009 609 2114 frequentia
633 2008 841 2092 morborum
875 2006 1187 2108 primordialium,
1221 2009 1279 2082 cui
1307 2010 1441 2111 partim

326 2153 450 2206 causas
474 2125 724 2229 particulares,
747 2126 878 2230 partim
902 2149 987 2204 voro
1012 2123 1174 2200 altiorem
1189 2125 1337 2226 padum
1361 2127 1438 2228 epi·

325 2245 463 2322 demine
496 2245 801 2347 phlogisticoterae
830 2242 956 2318 farine
991 2242 1214 2317 credidimus
1248 2283 1299 2300 ·-
1333 2243 1438 2318 Veris

326 2363 544 2466 bradypodis
581 2389 687 2438 causa
717 2360 831 2446 febres
859 2361 1152 2459 intermittentes,
1175 2363 1292 2464 primo
1316 2363 1436 2464 aequi·

323 2481 444 2555 noetio
472 2481 652 2582 propriae,
681 2478 786 2556 solito
815 2477 950 2552 tardius
979 2495 1263 2580 comparuerunt.
1288 2521 1339 2548 2-
1362 2483 1436 2558 An-

323 2599 490 2700 ticipante
533 2599 670 2679 tbrvore
704 2597 838 2673 aestivo
879 2593 993 2668 febres
1022 2598 1186 2702 gastrioas
1209 2603 1281 2700 jam
1314 2623 1435 2672 mense

322 2713 729 2817 Junioquamplurimas
753 2728 935 2813 etgraves
963 2739 1070 2816 super
1097 2713 1272 2817 populum
1300 2714 1430 2790 debac-

323 2831 423 2906 chari
448 2831 625 2930 vidimus,
648 2831 776 2933 quibus
807 2829 946 2904 furente
980 2829 1138 2903 canicula
1175 2829 1289 2904 febres
1330 2830 1434 2906 bilio-

322 2942 405 3046 sae,
428 2947 763 3046 bilioso-nervoeae,
778 2961 815 3022 et
830 2948 1101 3032 intermittentes
1123 2947 1338 3050 perniciosae
1358 2975 1435 3024 sese

321 3069 600 3146 immiscuerunt.

372 3187 480 3279 Quod
494 3189 731 3264 characterem
748 3187 933 3290 epidauro
948 3191 1173 3262 stationariae
1189 3185 1340 3286 adtinet,
1356 3213 1431 3264 non

321 3302 450 3401 alium,
474 3332 583 3406 quam
606 3303 984 3390 subinflammatorium
1009 3331 1130 3379 cruere
1155 3307 1357 3409 potuimus,
1382 3321 1433 3380 ta·

319 3417 393 3493 lem
416 3435 560 3522 utpote,
585 3447 692 3522 quern
717 3423 864 3496 eximius
890 3423 1028 3506 thtts
1053 3421 1296 3535 praedominio
1320 3424 1432 3499 irrita-

319 3537 464 3626 bilitatis
488 3554 525 3615 et
547 3543 713 3643 principii
736 3542 946 3618 contractiri
977 3541 1154 3628 adscribit
1172 3542 1317 3628 Cunctis
1334 3543 1430 3618 enim

318 3658 480 3758 morbis,
502 3657 572 3740 illis
596 3685 671 3736 non
695 3663 875 3763 exceptis,
899 3687 990 3763 quae
1019 3661 1065 3748 ad
1089 3659 1306 3744 arthenioarn
1328 3661 1431 3736 incli-

317 3791 622 3874 mutuaturum,
646 3777 768 3854 notula
793 3778 968 3880 quaedam
991 3779 1162 3856 irritativa
1187 3803 1305 3856 comes
1329 3793 1431 3879 erat,

318 3900 419 4000 cujus
444 3899 554 3998 gratia
578 3899 685 3974 etiam
709 3898 898 3980 methodus
924 3897 1230 4002 antiphlogistioa‚
1254 3901 1431 4002 aperiens,

317 4013 376 4092 vel
400 4015 526 4090 saltem
549 4017 733 4117 negativa,
755 4017 871 4094 multo
895 4019 1004 4118 magis
1028 4017 1186 4118 proficua
1201 4015 1431 4115 cernebatur,

316 4157 426 4234 quam
449 4148 594 4210 actuosa
618 4149 655 4212 et
678 4135 930 4234 tumultuariar
948 4133 1205 4212 stimulantium
1229 4149 1354 4210 contra
1377 4159 1431 4209 re-

316 4245 516 4329 mediorum
540 4279 624 4332 usus
649 4256 802 4330 maxima
825 4255 950 4356 egebat
973 4253 1295 4355 ciroumspectione.¹
1319 4251 1430 4330 Debi-

316 4363 423 4440 litetis
449 4395 576 4470 verae,
600 4371 674 4455 eive
699 4371 904 4474 chronicae,
929 4373 1003 4478 sire
1028 4385 1169 4472 acutae,
1190 4395 1267 4452 rara
1285 4369 1428 4446 suerunt
