3228 5166
306 345 355 414 82

302 455 403 538 bium
427 459 519 530 acies
544 454 719 532 frontibus
736 453 891 530 adversis
916 457 1008 528 inter
1032 481 1069 528 se
1094 457 1166 555 jam
1182 464 1415 546 consumet,

301 588 339 648 st
361 573 491 649 imbres
516 575 772 676 praecipitant3
795 574 883 647 dum
907 575 1118 674 inexpectatr
1143 571 1248 646 llatus
1272 569 1415 672 Aquilo·

300 719 403 769 nares
428 693 628 768 nimbosam
644 693 837 796 dispellunt
861 693 1067 794 caliginem,
1082 692 1141 766 vel
1165 717 1278 794 opaco
1298 692 1413 766 noctis

299 813 428 914 frigore
452 813 642 890 nebulosus
668 815 785 888 sumus
802 815 841 888 in
867 827 1070 912 argenteum
1094 811 1263 886 densatur
1281 835 1414 905 rorem,
1456 833 1457 840 ¹

243 1005 244 1008 ,
299 957 422 1006 serena
446 931 538 1006 redit
562 932 651 1007 coeli
677 932 800 1030 facies,
816 947 853 1006 et
878 957 960 1005 eum
985 931 1045 1004 illa
1070 931 1218 1032 pristina
1242 927 1412 1004 membris

299 1050 450 1150 agilitas,
474 1054 631 1152 corporis
655 1051 796 1149 levitas,
820 1039 1050 1152 omniumque
1075 1052 1298 1126 functionum
1322 1049 1409 1124 saei·

298 1170 387 1245 lites.
412 1173 494 1272 Ipsa
519 1171 685 1246 animalia
710 1171 816 1246 simili
840 1175 1048 1246 reficiuntur
1071 1175 1213 1272 vigore3

398 1287 498 1362 Hine
521 1289 579 1363 itte
602 1295 720 1362 aetem
742 1305 935 1364 concentus
959 1294 998 1362 ira
1022 1295 1116 1388 agris
1125 1344 1140 1380 ,

397 1403 448 1477 Et
470 1407 580 1481 luctae
600 1409 775 1508 pecudes,
799 1423 835 1482 et
858 1421 1000 1482 oranter
1021 1421 1164 1506 gutture
1188 1409 1302 1494 corvi,

365 1584 369 1628 :
398 1522 554 1619 Nescio,
578 1550 653 1628 que
671 1541 811 1629 praeter
832 1527 976 1601 soletum
1004 1527 1186 1600 dulcedine
1211 1525 1303 1602 loeti.

767 1677 769 1682 ·
865 1643 1005 1716 Vmern.
1032 1643 1159 1742 Georg.
1184 1644 1212 1714 Ι.

350 1759 448 1836 Haec
472 1763 591 1836 omnia
614 1787 700 1838 vero
725 1761 958 1836 electricitatis
983 1761 1076 1834 lusui
1101 1761 1210 1860 magis
1242 1759 1414 1856 fortasse,

302 1905 411 1980 quam
436 1881 618 1982 temperiei
642 1881 797 1956 verteme
821 1881 950 1955 rationi
975 1879 1162 1954 tribuenda
1186 1903 1281 1974 esse,
1296 1877 1413 1978 quiris

302 1997 479 2078 adtentior
495 2015 641 2074 naturae
667 2000 871 2075 observator
894 2001 970 2073 siue
987 2001 1128 2100 negotio
1152 1999 1350 2102 perspiciet
1363 2038 1414 2055 -

302 2113 340 2187 si
365 2115 473 2190 modo
497 2121 570 2218 jam
593 2128 694 2192 atrca
718 2117 925 2193 electrieitas
950 2132 1090 2192 tantum
1114 2143 1221 2219 super
1244 2117 1341 2190 entia
1359 2141 1415 2191 or·
1456 2203 1459 2208 ,

304 2236 426 2334 genita
451 2237 561 2310 exerit
584 2235 780 2335 intluxum,
796 2264 919 2312 eorum
943 2237 1094 2312 salutem
1119 2262 1260 2339 quoque
1284 2235 1332 2311 ab
1354 2251 1413 2309 e'o·

304 2353 388 2430 dem
405 2355 501 2432 sonte
518 2381 615 2430 nunc
640 2358 812 2456 vigorosi,
828 2385 924 2432 nnnc
949 2359 1120 2432 infirmari
1144 2359 1288 2452 debere,
1304 2381 1412 2433 nemo

303 2473 438 2546 inficias
462 2472 536 2546 ibit
552 2467 724 2547 ⁴Perutile
755 2475 922 2575 quidem,
946 2490 1001 2550 ast
1035 2501 1172 2548 summo
1202 2474 1352 2547 arduum
1378 2485 1416 2546 et

303 2585 522 2662 salebrosum
546 2589 637 2664 toret
661 2607 935 2691 argumentum,
960 2595 1126 2667 arctiores
1151 2593 1307 2669 indicere
1331 2589 1418 2664 relo-

257 2763 259 2766 -
304 2707 438 2805 tiones,
454 2733 545 2808 qnae
568 2708 662 2781 inter
685 2723 818 2783 statum
833 2708 1038 2784 electricum
1062 2710 1211 2784 elimatis
1228 2709 1414 2812 cujusdam

304 2837 342 2898 et
375 2825 585 2902 remaculos
621 2825 765 2902 morbos
800 2829 928 2929 vigent
965 2829 1054 2904 Mihi
1088 2830 1232 2904 interim
1267 2829 1417 2902 sullioiat
1501 2901 1504 2908 .

304 2946 504 3045 monuisse,
537 2945 801 3022 electricitatem
835 2960 997 3048 atroam,
1035 2955 1180 3053 ejusque
1217 2951 1254 3022 in
1289 2977 1417 3050 corpus

227 3157 228 3162 Ἰ
305 3065 504 3142 humanum
520 3067 696 3142 actionem
720 3067 818 3142 houd
842 3071 988 3144 minoris
1005 3070 1176 3144 momenti
1201 3095 1293 3164 esse,
1310 3095 1418 3168 quarn

230 3167 231 3172 ¹
306 3180 392 3256 alias
416 3183 698 3284 atmosphacrae,
722 3187 850 3287 quibus
875 3187 1073 3282 adficimur,
1097 3186 1282 3287 qualitates
1307 3201 1345 3260 et
1367 3187 1419 3260 ri·

307 3299 551 3397 meracius,
574 3327 616 3374 ac
641 3302 721 3378 ideo
746 3305 783 3377 in
809 3305 1081 3406 Clrorogrophiis
1106 3304 1251 3378 medicis
1286 3306 1417 3406 prinei-

307 3441 392 3516 pem
413 3415 481 3488 sibi
505 3416 684 3492 vindicare
709 3418 837 3494 locum.
863 3422 1034 3512 Quamvis
1060 3421 1178 3495 nullus
1204 3447 1330 3520 negare
1354 3447 1418 3494 ao·

306 3535 376 3606 sim
400 3533 509 3608 hocce
533 3536 817 3636 potentissimum
842 3537 1058 3613 elementum
1076 3537 1356 3640 imponderabile
1380 3539 1418 3610 in

288 3675 513 3752 processum
553 3655 923 3756 organico-plastieum
970 3659 1058 3730 mira
1100 3657 1234 3731 ratione
1273 3653 1419 3734 influere

308 3769 501 3859 (novimus
526 3771 622 3844 enim
646 3777 721 3874 ejus
746 3775 783 3847 in
818 3774 999 3876 quibusvis
1033 3774 1295 3876 operationibus
1330 3773 1420 3874 chy·

308 3885 409 3960 micis
434 3887 674 3985 efficaciam),
698 3891 829 3994 talique
853 3907 959 3994 poeto
989 3894 1027 3965 in
1063 3892 1298 3994 producendis
1324 3918 1419 3966 mor-

307 4001 362 4078 bis
387 4001 595 4080 cacbecticis
626 4033 727 4081 suam
764 4037 905 4111 quoqne
941 4011 1071 4084 lmbere
1106 4025 1272 4111 partenr3
1306 4007 1421 4084 multo

309 4135 436 4195 tamen,
453 4123 578 4224 majori
604 4149 685 4198 cum
711 4127 896 4200 securitate
921 4127 1077 4228 prolerre
1109 4125 1298 4220 cuderem,
1325 4149 1421 4198 mor·
1453 4225 1456 4233 y

309 4235 374 4313 bos
399 4251 440 4314 ut
462 4238 590 4313 medici
614 4243 745 4342 passim
770 4243 909 4340 dicunt,
938 4244 1165 4344 dyrromioos,
1197 4255 1303 4342 atquc
1329 4237 1422 4315 inter

310 4355 522 4456 epidemicos
558 4357 671 4433 febres
704 4361 974 4434 intermittentes
1008 4377 1051 4434 et·
1079 4361 1351 4448 rheumatismos
1375 4357 1421 4431 ab

311 4485 410 4549 atres
435 4475 659 4555 electricitate
684 4507 748 4584 per
771 4483 996 4557 eminentiam
1020 4479 1239 4584 dependere3
1273 4493 1309 4553 'et
1341 4477 1420 4580 qui·
