3148 5170
312 320 384 413 sill

308 435 498 512 cessariam
514 433 690 511 duximus.
704 431 836 536 Opium
853 432 961 508 radici
972 429 1283 536 lpecacuanlrae
1295 443 1472 533 nuptum,

307 581 434 629 rerum
459 555 550 630 illud
574 554 778 654 Nepenthes
803 549 980 648 Helenae,
1014 553 1390 652 diaphoreticorum
1413 575 1471 651 po

307 678 566 772 tenutissimum,
591 676 923 774 certissimumque,
959 687 996 748 et
1025 671 1153 747 dulce
1190 670 1315 746 simul
1343 671 1470 744 mucia-

308 810 409 868 tuum
435 793 591 868 solamen
611 841 621 888 ,
645 791 782 866 cunctis
807 789 884 864 aliis
908 789 1092 891 anodynis
1122 787 1309 890 palmam
1342 787 1468 889 praeri-

307 912 394 1013 puit
419 911 558 984 Atrium
583 907 699 982 morbi
724 921 827 1008 stupa
851 905 1048 982 cannabinas
1084 904 1320 982 balsamico
1350 902 1464 978 suffitu

307 1029 444 1104 imbuta
468 1025 592 1100 sedulo
617 1025 786 1100 custodiri
810 1025 985 1126 jussimus.

356 1145 608 1220 samsonem
636 1167 721 1218 vero
758 1156 915 1218 nostram
950 1141 1082 1215 haecce
1126 1139 1331 1243 epidemia
1361 1139 1462 1212 inter·

307 1287 453 1339 currens
478 1263 695 1338 rheumatica
729 1263 934 1364 praesertim
971 1261 1052 1336 ideo
1086 1263 1337 1358 concitavit,
1369 1256 1460 1362 quod

308 1396 495 1458 consuetae
520 1379 713 1454 defecerint
735 1379 952 1482 prophases‚
985 1378 1130 1453 scilicet
1164 1377 1329 1480 rapidae
1360 1378 1456 1450 vicis·

308 1500 479 1574 situdines
504 1497 822 1598 atmosphaericae,
845 1497 957 1593 udor,
980 1499 1077 1572 venti
1110 1498 1270 1598 asperi,
1296 1491 1452 1570 nebulae

307 1619 506 1692 Decurrens
532 1613 698 1706 Quintilis
722 1617 840 1716 potius
865 1617 1058 1688 contrarias
1089 1615 1244 1690 obtulit
1278 1612 1451 1688 conditio

308 1758 394 1827 nes,
419 1747 555 1806 aestum
580 1731 822 1833 aequabilem,
846 1734 1060 1830 siccitatem,
1083 1749 1127 1808 et
1155 1734 1336 1808 crebram
1363 1730 1446 1803 aeris

308 1847 502 1922 malaciam.
529 1849 625 1923 Haec
648 1849 848 1924 observatio
883 1876 1018 1926 norum
1056 1852 1171 1926 nohis
1200 1849 1448 1952 suppeditavit

308 1981 577 2065 argumentum,
601 1993 723 2041 causas
748 1967 942 2042 rheumatis
966 1971 1189 2071 neutiquam
1216 1971 1259 2042 in
1286 1966 1367 2042 solo
1391 1963 1443 2036 fri-

309 2110 412 2184 gore,
448 2099 490 2157 ut
524 2084 630 2184 vulgo
665 2085 840 2180 creditur,
875 2111 951 2160 esse
976 2088 1233 2189 quaerendas,
1271 2083 1338 2158 sed
1363 2079 1440 2174 alias

309 2228 453 2306 quoque
476 2202 522 2276 ad
539 2227 662 2276 eorum
679 2204 820 2302 genesin
838 2223 1049 2278 consumere
1065 2208 1199 2280 noxias
1218 2198 1439 2300 atmosphse
1456 2263 1459 2272 Δ

310 2325 423 2418 rieas,
456 2335 493 2394 et
526 2320 671 2421 quidem
706 2345 790 2420 prae
820 2321 895 2394 aliis
920 2323 1188 2398 vicissitudines
1228 2319 1433 2398 electrices,

311 2463 402 2542 quae
437 2438 577 2512 aestivis
612 2437 735 2512 diebus
770 2464 843 2512 non
879 2438 994 2512 solum
1032 2443 1070 2512 in
1104 2430 1193 2516 aere
1228 2430 1434 2513 circumfluo

311 2567 457 2657 propter
480 2553 627 2628 uberam
652 2557 960 2656 evaporationem,
991 2557 1195 2633 sedetiam
1221 2559 1264 2630 in
1289 2569 1429 2650 corpore

180 2763 183 2772 Ι
310 2675 467 2750 humano
483 2673 531 2750 ob
543 2675 693 2748 eandem
709 2694 854 2750 causam
869 2675 1059 2751 viridiores
1077 2700 1155 2752 esse
1183 2677 1427 2750 consuescunt·

309 2796 392 2896 Ipsa
416 2793 561 2868 demum
585 2795 676 2868 cutis
702 2796 871 2868 continuo
895 2795 1005 2868 ferme
1030 2795 1162 2872 sudore
1189 2815 1343 2868 manans
1359 2807 1426 2858 ma·

320 2920 439 3009 orem,
462 2939 571 3014 quam
595 2913 689 2986 salus
713 2913 929 3014 postularet,
953 2913 1182 2990 conducendi
1220 2907 1418 3002 facultatem

310 3029 508 3128 contrahit,
531 3029 682 3131 ideoque
705 3029 853 3104 leviores
878 3031 985 3102 etiam
1009 3032 1227 3104 variationes
1252 3029 1293 3100 in
1318 3036 1423 3096 atmo-

311 3148 459 3248 sphaera
484 3147 712 3222 succedentes
726 3147 872 3220 ‘facilius
893 3149 1125 3248 persentiscit.

361 3265 544 3354 Quatenus
570 3263 811 3362 ephemerides
846 3263 992 3338 clinicae
1028 3291 1111 3338 eum
1145 3265 1216 3339 sibi
1242 3283 1330 3364 prae
1352 3249 1418 3326 aliis

311 3381 504 3480 praeticum
539 3379 672 3454 hahent
708 3407 883 3483 scopum,
924 3397 965 3456 ut
999 3381 1092 3456 sacta
1128 3380 1417 3456 subministretis

310 3498 517 3572 morborum
543 3499 730 3597 generibus
766 3514 802 3574 et
839 3501 961 3576 formis
985 3501 1197 3598 rarioribus,
1224 3487 1413 3588 ‘ambigultr

311 3613 505 3712 anomalis,
538 3629 601 3690 aut
634 3616 751 3691 dubiis
785 3617 1001 3692 illustrandis
1026 3619 1178 3716 idonea,
1202 3617 1261 3691 cui
1286 3613 1413 3686 firmam

309 3745 551 3834 superstruere
575 3727 836 3831 ttaeyvosmvv,
860 3749 1004 3808 eatenus
1023 3737 1173 3810 alterum
1197 3755 1317 3810 casum
1331 3739 1411 3796 scat*

311 3852 443 3924 latinae
461 3849 705 3953 pemplrigodis
728 3849 859 3926 resena
884 3851 1009 3950 liceat,
1033 3855 1095 3954 qui
1112 3853 1263 3928 eandem
1279 3839 1409 3948 quidem

311 3973 463 4048 formam
500 3998 637 4068 raram,
670 3986 712 4046 ut
747 3970 807 4046 ille
843 3974 972 4046 mensis
1009 3975 1147 4070 Martii,
1177 3987 1231 4048 ast
1254 3969 1408 4066 majorem

312 4091 539 4190 raalignritotr's
555 4089 702 4192 gradum
719 4089 858 4166 obtulit
873 4129 924 4150 -
941 4091 1081 4194 Opilio,
1112 4090 1156 4166 16
1172 4112 1281 4165 annos
1297 4091 1405 4160 natus,

278 4212 285 4220 '
310 4233 449 4312 semper
472 4209 671 4312 pancratice
696 4207 839 4305 valens,
863 4211 893 4283 si
918 4209 1075 4284 scabiem
1099 4209 1218 4312 elapso
1234 4223 1322 4280 anno
1331 4211 1405 4302 'pas-

311 4354 387 4401 sam
411 4329 583 4430 excipias,
607 4326 665 4401 die
694 4353 725 4401 a.
750 4326 858 4424 Julii,
882 4329 970 4430 quin
995 4328 1122 4424 aliam,
1150 4337 1284 4428 praeter
1306 4311 1398 4406 filgffi

311 4459 525 4520 nocturnum
551 4447 723 4522 aestuanti
749 4447 888 4550 corpori
927 4447 1138 4546 admissum,
1163 4465 1297 4520 causant
1321 4423 1400 4504 add·
