3228 5166
127 503 130 510 ι
207 452 267 554 qui
284 451 367 526 huic
391 449 514 528 salutis
530 445 730 524 Palaestrae
750 449 826 547 ¹iarn
852 443 897 520 ab
922 451 996 548 ejus
1014 443 1236 524 incunabulis
1253 325 1324 520 eiii-

206 571 364 672 gularem
387 569 622 646 conciliarunt
638 563 874 666 splendorem.
889 565 1055 640 Praecoci
1072 566 1144 640 lato
1159 579 1324 667 ereptum

205 688 314 792 paulo
338 702 420 789 post
443 685 598 764 luximus
628 707 761 756 omnes.

259 807 365 880 Anno
397 805 489 904 ¹⁸¹7
517 795 598 892 (die
618 824 674 898 29.
686 798 817 872 merrsis
836 799 1006 898 Augusti)
1031 797 1175 872 demum
1196 799 1325 874 Cacsar

208 925 408 1020 Augustus,
431 915 720 990 FRANCISCUS
745 915 794 1011 1.‚
824 917 1050 988 scientiarum
1078 914 1325 1016 bonarumque

209 1039 340 1110 artium
363 1047 545 1134 promotor
569 1031 867 1132 studiosissimus,
891 1058 933 1107 ac
957 1031 1173 1134 populorum
1197 1059 1324 1134 parens

210 1155 488 1246 amantissimus,
512 1151 746 1226 honorificum
773 1151 924 1226 docendi
948 1145 1079 1226 munus
1111 1151 1200 1226 mibi
1224 1151 1326 1226 beni·

210 1297 278 1372 gne
301 1269 436 1344 deleme
461 1269 638 1364 decrevit,
663 1267 760 1368 quod
785 1269 891 1340 etiarn
918 1293 975 1342 22.
991 1265 1178 1363 Octobris,
1205 1269 1323 1368 auspi·
1351 1288 1352 1294 ’

72 1407 75 1413 ’
209 1402 311 1466 cante
345 1389 421 1462 Deo
463 1387 535 1460 Ter
572 1387 719 1490 Optimo
757 1387 942 1482 Maximo,
969 1387 1131 1488 suscepi,
1166 1389 1325 1462 oratioue
1395 1466 1398 1472 ,

205 1508 355 1584 solemni
380 1507 462 1603 (De
487 1508 621 1609 optima
646 1507 771 1609 proin
805 1506 970 1582 clinicam
1004 1507 1213 1582 instituendi
1248 1535 1324 1584 me·

205 1626 346 1720 tlrodo)
370 1627 630 1726 inauguratum.
654 1667 705 1682 -
730 1626 902 1718 Quamvis
939 1653 1077 1702 summa
1115 1629 1224 1710 animi
1253 1629 1323 1702 mei

207 1744 313 1818 suerit
336 1769 381 1816 ex
404 1743 585 1844 impertito
610 1741 744 1816 honore
769 1741 901 1818 laetitia
926 1757 963 1818 et
989 1742 1172 1846 voluptas,
1196 1743 1324 1820 luben-

209 1875 264 1934 ter
299 1875 420 1935 tamen
457 1861 592 1955 lateor,
630 1858 749 1934 nobile
783 1858 894 1935 hocce
935 1875 1137 1960 suggestum
1151 1935 1154 1944 ,
1170 1862 1324 1936 tremulo

210 1981 353 2054 nonnisi
387 2005 510 2075 crure,
543 1991 580 2052 et
613 1973 808 2080 palpitante
842 1977 949 2052 corde
984 1979 1255 2078 conscerrdisse3
1284 1983 1323 2054 in

211 2096 338 2173 eodem
354 2098 450 2171 enim
466 2095 566 2192 loco,
587 2093 775 2170 abeodem
792 2094 978 2192 subsellio,
994 2121 1037 2170 ex
1060 2123 1131 2198 qno
1154 2079 1323 2198 tanquam

208 2213 394 2317 etripode
419 2228 473 2290 tot
502 2212 722 2288 celeberrimi
751 2213 969 2288 Professores
1006 2213 1147 2294 oracula
1181 2241 1245 2290 sua
1269 2215 1321 2289 ef·

207 2335 355 2433 fudere,
378 2334 571 2436 practicam
595 2331 808 2408 medicinam
832 2333 1008 2408 studiosae
1039 2337 1214 2436 juventuti
1238 2361 1321 2438 pro-

206 2454 298 2528 fiteri
333 2451 442 2528 modo
476 2449 647 2526 incubuit.
684 2451 764 2528 Sive
788 2451 896 2552 igitur
925 2453 1125 2552 regionem,
1152 2454 1228 2526 sive
1253 2451 1322 2527 loci

203 2573 476 2675 praestantiam,
492 2571 568 2646 sive
584 2595 848 2672 praecessorum
864 2572 962 2646 omni
979 2569 1084 2644 laude
1100 2573 1324 2672 superiorum

202 2693 354 2794 gloriam
379 2691 635 2794 spectaverim,
669 2692 789 2766 omnia
826 2691 984 2766 animum
1022 2688 1192 2784 adlicere,
1222 2715 1320 2763 conr-

200 2837 371 2904 morere,
405 2809 595 2913 percellere
631 2809 836 2884 debuerant.
878 2809 1002 2912 Neque
1039 2809 1182 2882 infimae
1198 2797 1200 2804 ’
1216 2807 1321 2881 molis

203 2957 295 3032 opus
321 2943 420 3022 erat,
443 2922 566 3004 infelix
590 2926 680 3002 illud
704 2929 937 3002 exterminare
962 2925 1109 3020 lolium,
1134 2927 1231 3026 quod
1254 2927 1324 3002 lae·

206 3063 260 3122 tas
285 3047 526 3124 doctrinarum
552 3044 769 3128 mediocrum
794 3057 927 3143 segetes
945 3043 1166 3144 inquinasit3
1186 3045 1322 3143 sangui-

205 3167 344 3240 nariam
369 3179 493 3268 utpote
517 3177 673 3237 sternere
697 3161 873 3263 hydram,
897 3187 988 3263 quae
1014 3165 1087 3262 jam
1116 3187 1137 3236 a
1161 3160 1321 3262 pluribus

207 3283 309 3358 annis
340 3279 565 3386 tyrannidem
597 3305 782 3376 exercens,
820 3279 1089 3382 Hippocraticae
1123 3279 1319 3354 medicinae

205 3400 345 3474 ruinam
370 3413 407 3474 et
431 3399 577 3474 exitium
602 3397 812 3472 minabatur.
843 3399 963 3490 Quare
994 3396 1052 3491 id,
1087 3395 1184 3497 quod
1216 3421 1321 3498 expe·

204 3517 331 3593 rientia
357 3542 489 3594 annosa
515 3531 551 3591 et
576 3527 782 3592 consumeta
807 3514 967 3590 doctrina
992 3513 1126 3610 deluit,
1154 3515 1320 3616 improbo

202 3636 331 3712 saltem
354 3634 498 3732 labore,
523 3661 589 3710 nec
615 3660 774 3736 unquam
798 3635 952 3736 torpenti
977 3632 1188 3710 adsiduitate
1219 3661 1318 3708 com·

202 3779 352 3856 pensare
375 3781 456 3828 sum
483 3751 641 3840 aslrrixus.
666 3795 717 3814 -
741 3751 866 3827 Tantis
900 3765 1020 3834 autem
1053 3749 1319 3827 difficultatibus

203 3873 449 3969 removendis,
473 3869 703 3975 pluribusque
728 3870 804 3946 aliis
836 3869 1005 3964 molestiis
1040 3867 1195 3965 acerbis,
1231 3892 1321 3968 quas

203 3991 379 4067 discordia
404 4005 441 4066 et
465 3987 712 4066 malevolentia
737 3989 923 4065 confestim
953 3989 1127 4062 seminare
1158 4011 1232 4062 non
1255 4011 1319 4058 ne·

204 4107 333 4208 glexit,
357 4107 564 4208 superandis
588 4106 749 4208 prolecto
773 4107 924 4208 impares
950 4103 1143 4178 evasissent
1170 4114 1320 4175 conatus

204 4228 297 4322 mei,
321 4226 389 4300 nisi
413 4227 533 4300 innata
559 4223 733 4326 quaedam
757 4223 866 4298 animi
892 4219 1077 4316 fortitudo,
1102 4232 1138 4293 et
1162 4220 1200 4291 iu
1225 4229 1320 4290 recte

204 4343 342 4445 agendo
367 4344 534 4439 firmitas,
568 4343 688 4418 Divini
714 4339 877 4443 praesidii
902 4339 972 4414 lide
1002 4339 1181 4438 vigorata,
1205 4333 1321 4431 insee-

207 4465 348 4540 tationis
375 4461 443 4541 reta
469 4461 644 4570 depellere
664 4461 841 4560 sciuisset,
867 4457 1072 4560 summique
1098 4453 1174 4529 Viri
1200 4467 1320 4530 aueto-
