3264 5194
1224 391 1294 492 ¹³9

186 507 346 586 dolorem
369 508 582 616 querebatur
607 513 702 612 juata
728 505 916 586 decursmn
946 511 1067 614 spinae
1101 512 1195 588 dorsi
1230 535 1294 610 ra-

185 645 353 733 gantcm,
377 633 506 706 comite
531 623 726 726 febricula,
749 627 819 706 levi
843 641 986 732 torpore
1010 635 1180 726 crurum,
1218 629 1290 706 lor*

185 752 397 845 minatione,
421 763 457 821 et
481 746 630 821 molesto
655 746 771 820 trunci
799 762 910 822 motu.
945 749 1017 840 Qui
1040 751 1200 822 raritates
1231 777 1294 850 pa-

183 869 376 968 tlrologicas
399 880 593 962 venantur,
609 861 754 940 forsitan
769 865 989 968 myelitidem
1004 866 1293 964 declaravissent,

183 1011 249 1059 nos
273 1010 339 1085 pro
362 981 513 1084 simplici
537 981 720 1057 rheumate
743 981 986 1058 musculorum
1002 983 1213 1081 dorsalium,
1229 1009 1292 1086 seu

184 1097 356 1200 Notolgic
379 1097 593 1174 rheumatica
616 1097 804 1175 habuimus
840 1099 1027 1199 morbum,
1060 1127 1103 1176 eo
1140 1097 1294 1176 maxime

185 1221 284 1294 ducti
307 1233 529 1320 argumento,
551 1218 648 1320 quod
677 1215 815 1294 dolores
840 1245 861 1294 a
885 1219 1159 1294 contrectatione
1183 1221 1295 1294 incre·

184 1338 347 1413 buemnt
375 1339 569 1412 Praemisso
605 1336 783 1434 catharsi,
816 1336 1003 1412 decoctum
1036 1336 1295 1433 Dulcamarae,

186 1455 361 1532 frictiones
385 1459 518 1555 siccae,
533 1483 575 1531 ac
598 1457 744 1532 demum
759 1453 1005 1532 cantharidum
1025 1447 1187 1542 stimulus
1203 1457 1294 1532 lum·

184 1575 240 1650 bis
264 1575 426 1650 admotus
451 1597 557 1652 omne
580 1573 716 1650 malum
731 1577 844 1678 spatio
861 1577 970 1651 trium
992 1565 1294 1650 hebdomadarum

185 1693 418 1769 eradicarent.
1276 1737 1277 1742 κ

233 1807 362 1885 Febrrs
390 1809 653 1884 irttenrtittentes
682 1809 823 1885 tertiam
856 1805 1118 1885 constituebant
1152 1805 1293 1882 morbo·

185 1956 266 2007 rum
290 1929 566 2033 epidemicorum
590 1928 811 2031 phalangem.
832 1928 1036 2004 Nonnullae
1059 1928 1126 2003 sub
1150 1924 1293 2002 initium

184 2048 447 2124 mentiebantur
470 2041 709 2150 quotidianas,
732 2073 790 2122 eas
814 2069 901 2124 vero
924 2057 1113 2150 quartanas
1138 2045 1294 2149 triplica-

185 2179 239 2240 tas
263 2163 389 2262 irrisae,
412 2159 534 2240 docuit
568 2163 786 2266 singulorum
819 2185 1114 2268 paroxysmorum
1141 2161 1292 2264 dispari·

185 2301 258 2383 tas,
282 2301 386 2387 atque
410 2283 578 2360 resolutio
601 2285 643 2359 in
664 2297 856 2400 quartanas,
875 2283 1072 2386 simplices,
1101 2279 1292 2385 postquam

185 2400 347 2480 remediis
362 2400 632 2478 amaricantibus
648 2415 685 2477 et
695 2401 951 2480 resolventibus
966 2400 1112 2488 fuissent
1127 2414 1304 2478 tentatae..

184 2520 254 2596 vix
278 2545 390 2596 unum
415 2514 602 2598 observare
625 2518 726 2597 lituis
748 2523 1011 2596 intermittentis
1028 2547 1164 2617 casum,
1181 2543 1290 2622 quern

184 2639 382 2716 cachectioa
405 2638 502 2716 labes
532 2663 607 2716 non
636 2642 871 2718 comitaretur.
901 2643 970 2716 Hic
1002 2641 1202 2743 cmphraris
1227 2641 1291 2714 hc·

184 2760 298 2860 petis,
329 2759 379 2833 ibi
412 2758 608 2861 physconia
637 2756 814 2861 splenico,
848 2759 907 2834 vel
947 2757 1197 2861 hydropismus
1228 2761 1291 2834 dc·

184 2875 347 2951 bellsnds
370 2877 468 2977 prius
484 2891 608 2974 erant,
624 2891 813 2979 antequam
828 2871 996 2950 diathesis
1019 2871 1150 2950 febrilis
1175 2903 1302 2979 oppu-·

164 2995 283 3092 pueri
307 3007 386 3070 tuto
407 2995 589 3095 potuisset
613 2993 767 3068 Decocta
791 2991 952 3067 radicum
968 2992 1165 3090 Graminis,
1180 2995 1292 3068 Tara-

187 3109 284 3206 xaci,
309 3110 490 3207 Ciehorei‚
515 3123 669 3186 extracta
693 3132 736 3185 cx
759 3095 885 3186 iisdem
913 3123 1056 3211 perata,
1084 3107 1144 3184 vel
1172 3124 1210 3185 et
1233 3109 1293 3183 illa

186 3225 324 3304 Tritolii
340 3229 476 3327 fibrini,
493 3231 681 3306 Centaurei
696 3231 863 3329 minoris,
880 3228 975 3305 Sales
990 3227 1116 3326 medii,
1138 3245 1175 3306 et
1194 3255 1299 3332 prae<

185 3346 307 3448 primis
331 3347 510 3421 Arcanum
533 3345 773 3449 duplicatum,
789 3345 847 3420 Sel
872 3345 1054 3444 Glaobcri,
1069 3346 1128 3423 vel
1144 3347 1201 3421 Sal
1221 3371 1294 3421 am-

184 3463 381 3562 moniacus,
401 3462 500 3538 radix
525 3461 678 3566 Squillae
700 3462 852 3565 denique
869 3487 951 3537 com
974 3485 1131 3538 cremore
1152 3465 1293 3560 tartari,

184 3583 247 3656 ubi
270 3582 397 3659 lotium
420 3581 551 3684 pellere
575 3597 736 3686 oportet,
759 3582 971 3686 praedilecta
995 3581 1097 3658 nobis
1132 3607 1207 3657 esse
1236 3609 1292 3658 so-

185 3696 260 3772 lent
282 3698 496 3800 pharmaca,
519 3698 647 3802 quibus
672 3723 796 3775 curam
819 3699 1029 3775 confidimus
1060 3695 1211 3774 febrium
1236 3701 1292 3773 in·

186 3819 455 3892 terrnittentium
479 3817 660 3915 omnium,
683 3815 745 3891 ubi
775 3814 834 3894 vel
863 3817 1009 3890 minima
1043 3813 1293 3892 obstinationis

185 3939 381 4034 viscerum,
405 3933 568 4012 colluviei
592 3935 799 4038 pituitosae,
822 3933 880 4011 rel
904 3959 1016 4036 aquae
1044 3935 1138 4008 inter
1172 3949 1291 4008 cutem

186 4052 278 4129 adsit
301 4041 463 4156 suspicio.
474 4053 580 4129 Febri
596 4053 641 4128 ab
663 4053 759 4129 hisce
782 4049 1108 4155 comphcationibus
1133 4049 1294 4124 adamus-

186 4171 254 4246 sim
284 4171 475 4274 depurata,
511 4167 558 4247 ad
583 4172 756 4248 Corticem
791 4171 1024 4274 petavianum
1053 4169 1293 4264 recunimns,

185 4311 293 4387 quern
316 4287 557 4364 lubentissime
582 4287 693 4364 forma
705 4288 878 4393 pulveris,
893 4301 930 4362 et
951 4286 990 4362 irr
1006 4283 1185 4362 connubio
1209 4309 1300 4359 cum·

186 4401 262 4479 aliis
287 4406 526 4510 antipyreticis
551 4421 588 4484 et
611 4407 854 4505 stomachicis,
877 4405 930 4480 uti
960 4415 1078 4479 essent
1100 4403 1294 4500 Gentiana,

187 4521 352 4600 Calamus
367 4525 594 4626 aromaticus,
604 4523 897 4632 Caryophyllats,
912 4535 948 4600 ct
965 4519 1022 4599 Sal
1033 4517 1293 4618 ammorriacus,
