3264 5194
334 273 403 348 132

376 391 408 464 E
433 417 559 490 genere
582 385 735 465 febrium
763 389 1064 492 epidemicarum,
1087 411 1175 490 quas
1206 389 1350 490 practici
1374 391 1432 460 in-

325 522 552 584 tercurrentes
574 521 724 607 vocant,
747 508 815 584 fuit
839 509 997 583 funestus
1023 505 1157 612 typheo
1171 505 1433 582 ermdremati-

228 705 230 712 ,
322 649 414 723 cus,
438 651 458 699 a
482 623 773 728 praecedentibus
798 625 899 700 sniis
924 625 1040 706 adhuc
1064 639 1249 726 superstes.
1280 623 1431 698 Torridc

321 757 359 818 et
373 742 566 818 aridissima
582 744 1013 846 tempestas,quaeannis
1035 743 1179 820 1815ct
1200 741 1294 818 1816
1309 740 1431 844 plures

320 859 443 936 Italiac
467 863 655 963 superioris
679 861 798 964 plagas
823 887 906 941 eum
936 862 975 936 ln
1012 861 1159 952 modum
1194 851 1354 958 adussit,
1388 873 1432 936 ut

319 975 473 1078 plurima
498 977 675 1050 frumento
700 975 863 1089 squalore
887 976 1014 1053 obruta
1042 975 1289 1053 contabuerint
1304 976 1430 1084 affl·

319 1095 492 1170 rersalem
503 1078 505 1084 ’
516 1095 711 1196 progenuit
727 1121 888 1175 munnae
912 1099 1107 1200 penuriam.
1124 1097 1244 1174 Hocoe
1265 1101 1335 1206 jarn
1351 1095 1430 1170 luc·

319 1225 463 1287 tuocum
493 1211 606 1290 iatum
639 1237 706 1287 nec
740 1213 921 1312 devexae,
944 1217 1132 1316 irrigatae,
1154 1216 1304 1316 ideoque
1337 1213 1430 1287 sera·

318 1330 430 1408 oiorcs
454 1331 675 1432 provinciae,
699 1330 861 1434 exemplo
879 1331 1148 1408 Mediolanensis
1164 1347 1200 1406 et
1216 1331 1430 1428 ticinensis,

224 1515 227 1520 .
319 1447 470 1548 effugere
504 1461 720 1550 potuerant,
755 1448 1032 1523 succurrendum
1067 1439 1165 1524 enim
1199 1463 1299 1545 erat,
1331 1473 1439 1550 penu,

318 1565 475 1668 alioquin
498 1591 624 1668 parca,
640 1566 802 1668 gentibus
822 1568 925 1670 longe
948 1571 1073 1672 majori
1089 1570 1227 1644 miseria
1244 1570 1429 1672 oppressis.

318 1681 531 1790 Popularem
557 1683 794 1768 calamitatem
828 1711 849 1760 s
882 1687 1030 1787 vestigio
1064 1684 1277 1788 sequebatur
1310 1712 1431 1762 comes

318 1802 446 1902 fidelis,
461 1803 658 1913 pestilentia
675 1805 843 1907 typhoea,
858 1832 949 1906 quae
965 1813 1037 1908 jam
1053 1819 1201 1881 exeunte
1218 1830 1312 1879 anno
1333 1804 1428 1881 1816

317 1919 548 2021 amplissimas
573 1921 704 2024 ubique
727 1924 875 2025 praedas
900 1926 990 2024 egit,
1011 1907 1187 2026 talemque
1204 1923 1427 2000 vastitudinis

316 2037 463 2138 gradum
498 2053 551 2113 est
585 2039 739 2141 adepta,
779 2055 821 2114 ut
856 2025 1067 2116 Noscccmia
1104 2041 1280 2124 ordinaria
1316 2042 1427 2144 aegris

315 2157 524 2260 recipiendis
548 2185 621 2234 non
645 2159 845 2234 suffecerint
870 2161 1040 2261 amplius,
1063 2161 1246 2262 indiesque
1270 2185 1427 2236 crescen-

184 2345 187 2352 ,
315 2289 390 2352 tem
413 2278 568 2350 sonticae
593 2275 701 2363 cladis
726 2277 892 2352 ferociam
917 2278 1095 2353 cicurandi
1123 2280 1275 2353 mamma
1299 2280 1427 2354 urserit

314 2395 514 2480 necessitas,
536 2395 674 2471 Idcirco
699 2397 820 2470 Mense
849 2397 1016 2472 ianuario
1050 2398 1141 2499 1817
1174 2398 1424 2508 monasterium

293 2514 348 2591 .S.
374 2511 588 2612 Salvatcris,
612 2527 709 2589 extra
738 2514 834 2590 urbis
869 2521 1009 2589 nostrae
1043 2515 1184 2589 moenia
1218 2515 1353 2610 situm,
1385 2517 1425 2588 in

213 2643 216 2646 ’
312 2629 595 2706 Loimocomium
619 2631 687 2706 ibit
711 2657 922 2707 conversum
939 2690 948 2731 ,
968 2659 1044 2734 quo
1074 2632 1247 2708 sumtibus
1273 2629 1424 2734 publicis

313 2747 432 2820 cuncti
457 2748 697 2849 reciperentur
720 2763 938 2848 aegrotantes
963 2751 1164 2851 provinciae
1200 2750 1424 2846 Ticincnsis,

313 2863 468 2964 typhosc
493 2867 654 2966 contagio
678 2867 808 2941 inlecti.
834 2867 928 2942 Toto
954 2868 1062 2942 ferme
1087 2893 1182 2948 anno
1199 2867 1336 2941 llrrebnt
1359 2867 1425 2939 ini·

313 3007 383 3081 qua
408 2981 510 3080 lues,
540 2984 827 3059 continuantibus
861 2983 1118 3068 calamitatibus
1156 2985 1255 3082 lota3
1288 2983 1423 3058 nefasta

312 3099 408 3172 enim
431 3103 558 3201 pruina
582 3101 653 3176 diei
682 3129 724 3176 12
750 3103 879 3210 Aprilis
903 3102 995 3177 laeta
1020 3104 1193 3178 destruxit
1214 3117 1318 3200 sata,
1341 3104 1423 3176 uni·

313 3241 393 3290 cam
423 3218 545 3319 populi
582 3225 655 3320 jam
689 3243 710 3295 a
743 3221 888 3298 biennio
922 3221 1118 3323 languentis
1154 3249 1264 3324 spem.
1301 3225 1422 3296 Mensa

311 3331 522 3408 Novembris
546 3337 717 3433 tandem,
740 3355 936 3414 rarescente
971 3341 1083 3414 irrtlies
1112 3340 1264 3445 morbo,
1297 3367 1421 3442 supcr-

311 3446 402 3520 lluae
427 3449 665 3525 reddebantur
688 3455 872 3530 Lazarethi
895 3473 1008 3558 opes3
1031 3459 1162 3559 pauci,
1185 3459 1247 3559 qui
1272 3457 1422 3541 subinde

311 3563 427 3638 adhue
452 3566 710 3666 occursabant,
733 3573 854 3671 aegri,
877 3575 916 3647 in
941 3575 1054 3649 civico
1078 3573 1293 3650 Nosocomic
1317 3599 1418 3648 oura-

309 3679 467 3780 bantur,
490 3687 642 3788 propriis
667 3687 841 3765 cubilibus
867 3689 1017 3790 reclusi,
1041 3706 1078 3767 ct
1101 3718 1122 3766 a
1146 3685 1290 3794 reliquis
1314 3689 1421 3766 solea
1499 3741 1502 3749 ·

311 3800 443 3878 tissime
467 3805 646 3904 segregati.
672 3804 811 3884 Horum
835 3809 1027 3884 nonnullos
1051 3813 1089 3884 in
1124 3809 1289 3884 Scholam
1320 3809 1420 3884 clini-

310 3945 389 3992 cam
413 3919 593 4000 transferri
610 3925 795 4039 jussimcs,
810 3927 1036 4030 scrupulosae
1053 3927 1306 4003 observationis
1323 3951 1421 4028 ergo,

309 4035 488 4109 cautiones
513 4061 586 4111 non
611 4044 949 4141 praetermittendo,
973 4071 1063 4147 quac
1089 4045 1172 4150 mali
1197 4045 1419 4120 diffusionem

308 4149 531 4250 impedirent.
555 4154 722 4257 Quinque
751 4161 961 4262 exemplaria
997 4189 1017 4236 a
1052 4161 1154 4238 nobis
1192 4177 1339 4238 tractata
1369 4161 1420 4235 nil

309 4264 542 4366 obtulerunt,
566 4272 663 4380 quod
687 4275 889 4375 particulari
915 4281 1094 4358 mentione
1119 4279 1266 4379 dignum
1281 4278 1419 4376 lubeat,

309 4383 376 4469 nisi
402 4386 552 4488 excipias
577 4387 737 4474 altiorem
762 4393 972 4483 characteris
997 4395 1279 4496 inflammatorii,
1295 4411 1330 4472 et
1355 4423 1417 4471 en-
