3228 5166
321 405 363 456 ια

315 503 552 579 Cossrrnrrm
577 503 605 582 Ι.
630 507 698 599 (Α.
735 504 805 609 3⁰7
823 513 847 601 )Ι
862 503 1016 609 palatini
1043 508 1179 604 uocati,
1214 497 1418 609 Principum

313 620 553 697 valetudinem
576 625 801 721 tutabantum
831 625 889 698 alii
920 641 1063 722 contra,
1097 623 1283 700 Ambiani
1301 645 1418 727 popu·

313 738 428 832 ium,
452 763 604 844 quorum
634 749 706 845 jam
740 759 821 820 ante
855 744 1067 819 Anroumuu
1102 744 1419 838 Prun(A4138)

313 858 543 935 inveniuntur
570 861 749 964 exempla,
778 862 940 966 publicae
969 863 1074 938 saluti
1102 857 1343 964 praefuemnt‚
1372 861 1419 932 si-

313 974 459 1077 mulque
484 983 629 1079 juvenes
653 983 691 1055 in
714 1007 753 1055 re
786 981 924 1056 medica
959 981 1142 1054 erudiendi
1165 1003 1311 1053 munere
1338 992 1421 1051 sunt

314 1091 512 1190 perfuncti,
528 1096 623 1171 unde
639 1097 789 1199 quodvis
809 1099 1072 1172 Archiutrorum
1090 1097 1284 1197 Collegium
1308 1094 1419 1170 veluti

314 1214 449 1314 species
472 1216 655 1291 seminani
679 1219 807 1292 medici
832 1219 1044 1293 considerari
1069 1219 1195 1318 potuit

235 1391 238 1400 .
365 1331 448 1406 Non
471 1332 660 1408 defuerunt
683 1335 828 1437 quidem
851 1329 1115 1428 illustrarim,
1150 1327 1212 1434 qui
1248 1331 1423 1404 medicam

316 1463 430 1524 artem
454 1452 585 1526 Romae
609 1455 714 1527 variis
731 1455 874 1556 epochis
890 1453 1164 1556 profitebantur,
1180 1471 1327 1550 eamque
1343 1473 1422 1548 pre·
1438 1487 1442 1496 2

317 1568 415 1674 tiosis
455 1567 783 1670 observationibus,
824 1573 1094 1673 experimentis,
1130 1583 1168 1643 et
1203 1565 1424 1667 dogmatibus

317 1687 501 1787 augebant,
526 1691 624 1764 Inter
648 1693 742 1780 ulios¹
758 1695 958 1767 meminisse
983 1697 1082 1796 juvat
1105 1683 1347 1766 Macerinus
1363 1687 1423 1758 Βι-

317 1827 483 1903 nmurr,
517 1807 773 1907 Tutnrsossn,
810 1812 975 1906 Cusum,
1012 1811 1198 1903 Somnum,
1232 1806 1426 1897 Grumum,

318 1927 568 2026 Ancsronsen,
592 1931 756 2004 Semnum
780 1927 1015 2004 Sunnomcun
1023 1983 1037 2019 ,
1053 1930 1292 2002 Ausmunnun
1310 1924 1425 1997 Tum⁴

318 2071 471 2144 munus,
495 2051 705 2125 Scnrsomuu
730 2053 904 2148 meun,
928 2065 965 2124 et
994 2051 1155 2124 Cresius
1186 2046 1425 2119 Aumnuum

318 2165 385 2240 Ast
408 2165 544 2242 nullum
567 2169 787 2244 medicorum
811 2183 872 2250 aut
901 2160 1194 2270 philosophorum
1223 2159 1381 2236 scholam
1405 2182 1426 2228 a

318 2280 487 2358 Romanis
511 2299 663 2358 erectum
681 2281 785 2360 fuisse
809 2286 1064 2386 comperimus,
1088 2283 1156 2354 nisi
1179 2281 1277 2382 prius
1290 2298 1425 2350 memo-

319 2415 395 2474 rats
420 2401 683 2478 Archistrorum
701 2404 875 2504 Collegia‚
891 2401 947 2478 vel
966 2401 1159 2502 Gymnasie
1176 2393 1317 2498 publica
1339 2393 1428 2466 enci·

320 2541 405 2618 perc
429 2513 599 2593 'vellemus
612 2577 622 2616 ,
637 2532 737 2622 ‘quae
761 2519 907 2614 ultima,
940 2520 1159 2593 Graecorum
1187 2515 1233 2589 ad
1260 2511 1431 2586 imitatio*

321 2659 406 2708 nem
430 2627 591 2735 conditi,
615 2641 732 2740 potius
761 2639 953 2712 firmandae
989 2635 1182 2712 valetudini
1217 2646 1253 2706 et
1289 2627 1429 2730 corpori

321 2751 503 2850 durando,
527 2779 635 2854 quam
668 2756 917 2857 promovendis
951 2739 1117 2827 scientiae
1145 2750 1302 2824 medicae
1330 2771 1428 2820 com·

322 2869 436 2945 modis
461 2872 677 2970 imerviissc,
702 2897 745 2948 ex
767 2875 844 2976 ipsa
866 2871 1069 2948 eommdem
1086 2869 1305 2942 institutione
1327 2862 1429 2938 facile

323 2988 517 3088 colligitur3
540 2992 671 3065 etenim
695 3007 834 3094 praeter
855 2990 958 3064 ludos
983 2989 1218 3090 gymnasticos
1243 2999 1279 3058 et
1302 2981 1427 3055 balnea

323 3105 376 3178 nil
402 3108 582 3205 invenies,
612 3109 710 3211 quod
747 3109 952 3184 sarritun'um
988 3105 1163 3180 redoleret
1198 3127 1355 3202 scopum.
1380 3141 1430 3154 -·

325 3226 582 3325 Suspicandum
605 3230 744 3329 itaque,
759 3229 914 3304 medicos
931 3250 1095 3301 romanos
1111 3247 1184 3297 non
1202 3221 1307 3316 alibi,
1323 3244 1430 3319 quam

325 3343 504 3420 adlectus
529 3372 713 3446 aegromm
736 3351 955 3450 privatorum
980 3361 1092 3420 artem
1121 3343 1283 3418 clinicam
1307 3339 1430 3414 condi·

325 3463 473 3564 dicissc,
506 3467 604 3568 quod
637 3469 781 3570 insuper
816 3484 903 3544 noto
931 3469 1137 3541 *Mummius
1179 3463 1429 3565 epigrammate

326 3582 567 3656 continuatur:

424 3699 671 3800 &agitedum
693 3704 758 3778 sed
779 3719 820 3778 tu
849 3710 1035 3782 comitatus
1059 3707 1224 3808 protinus
1252 3699 1303 3774 ad
1329 3721 1383 3771 me

477 3819 634 3910 Venisti,
658 3837 798 3896 centum
821 3821 1041 3898 SrrruAcus
1065 3820 1253 3923 discipulis.

430 3935 583 4011 Centum
607 3963 662 4013 me
686 3945 872 4038 tctigmmt
894 3967 1022 4015 mamus
1045 3941 1211 4042 aquilone
1230 3935 1385 4034 gelatum

472 4057 563 4132 Non
586 4055 698 4130 habui
707 4056 847 4159 febrem
856 4111 870 4150 ,
895 4058 1140 4132 SrunAcrrs!
1164 4077 1263 4129 nunc
1286 4050 1409 4124 habeo.

374 4173 432 4248 Ad
453 4173 558 4275 longe
582 4175 824 4252 foecundiores
848 4177 956 4252 modo
985 4177 1185 4251 accedimus
1216 4171 1435 4246 medicarum

325 4290 589 4394 disciplinarum
613 4293 748 4391 fontes,
763 4296 801 4368 in
818 4296 963 4370 Oriente
979 4296 1228 4390 scaturientes,
1244 4317 1333 4392 quos
1359 4293 1435 4391 jure

325 4435 392 4482 ceu
416 4412 637 4511 exquisitiora
661 4437 829 4513 praxeos,
863 4427 899 4488 ct
929 4413 1158 4486 institutionis
1194 4409 1340 4484 clinicae
1375 4431 1433 4479 ru·

327 4527 482 4618 dimonte
508 4529 727 4618 considerare
752 4529 855 4630 licet,
889 4558 909 4605 a
947 4529 1163 4606 Nestorianis
1194 4525 1437 4624 (heterodoxs
