<?xml version="1.0" encoding="UTF-8"?>
<!DOCTYPE html PUBLIC "-//W3C//DTD XHTML 1.0 Transitional//EN"
    "http://www.w3.org/TR/xhtml1/DTD/xhtml1-transitional.dtd">
<html xmlns="http://www.w3.org/1999/xhtml" xml:lang="en" lang="en">
 <head>
  <title>
</title>
<meta http-equiv="Content-Type" content="text/html;charset=utf-8" />
  <meta name='ocr-system' content='tesseract 3.04.00' />
  <meta name='ocr-capabilities' content='ocr_page ocr_carea ocr_par ocr_line ocrx_word'/>
</head>
<body>
  <div class='ocr_page' id='page_1' title='image "./annalesscholaec00hildgoog_0102.png"; bbox 0 0 3228 5166; ppageno 0'>
   <div class='ocr_carea' id='block_1_1' title="bbox 213 293 1488 4551">
    <p class='ocr_par' dir='ltr' id='par_1_1' title="bbox 321 293 369 374">
     <span class='ocr_line' id='line_1_1' title="bbox 321 293 369 374; baseline -0.042 0"><span class='ocrx_word' id='word_1_1' title='bbox 321 293 369 374; x_wconf 77' lang='lat' dir='ltr'>llo</span> 
     </span>
    </p>

    <p class='ocr_par' dir='ltr' id='par_1_2' title="bbox 213 411 1486 1818">
     <span class='ocr_line' id='line_1_2' title="bbox 278 411 1427 516; baseline -0.002 -28"><span class='ocrx_word' id='word_1_2' title='bbox 278 415 287 426; x_wconf 63' lang='lat'>‘&#39;</span> <span class='ocrx_word' id='word_1_3' title='bbox 369 413 629 491; x_wconf 78' lang='lat' dir='ltr'>Burometra&#39;cus</span> <span class='ocrx_word' id='word_1_4' title='bbox 654 415 919 516; x_wconf 79' lang='lat' dir='ltr'>atmosplraerae</span> <span class='ocrx_word' id='word_1_5' title='bbox 942 427 1053 488; x_wconf 86' lang='lat' dir='ltr'>status</span> <span class='ocrx_word' id='word_1_6' title='bbox 1078 411 1224 488; x_wconf 84' lang='lat' dir='ltr'>notabili</span> <span class='ocrx_word' id='word_1_7' title='bbox 1241 411 1427 486; x_wconf 73' lang='lat' dir='ltr'><strong>elevationi</strong></span> 
     </span>
     <span class='ocr_line' id='line_1_3' title="bbox 318 527 1427 636; baseline -0.004 -27"><span class='ocrx_word' id='word_1_8' title='bbox 318 559 425 636; x_wconf 77' lang='lat' dir='ltr'>super</span> <span class='ocrx_word' id='word_1_9' title='bbox 458 559 649 635; x_wconf 76' lang='lat' dir='ltr'>aequooem</span> <span class='ocrx_word' id='word_1_10' title='bbox 685 532 819 628; x_wconf 86' lang='lat' dir='ltr'>maris,</span> <span class='ocrx_word' id='word_1_11' title='bbox 854 543 891 604; x_wconf 87' lang='lat' dir='ltr'>et</span> <span class='ocrx_word' id='word_1_12' title='bbox 925 531 1029 605; x_wconf 89' lang='lat' dir='ltr'>udori</span> <span class='ocrx_word' id='word_1_13' title='bbox 1063 531 1234 604; x_wconf 84' lang='lat' dir='ltr'>continuo</span> <span class='ocrx_word' id='word_1_14' title='bbox 1268 527 1427 630; x_wconf 77' lang='lat' dir='ltr'>adprime</span> 
     </span>
     <span class='ocr_line' id='line_1_4' title="bbox 319 645 1427 754; baseline -0.014 -20"><span class='ocrx_word' id='word_1_15' title='bbox 319 653 578 754; x_wconf 69' lang='lat' dir='ltr'>correspondet.</span> <span class='ocrx_word' id='word_1_16' title='bbox 604 653 830 752; x_wconf 80' lang='lat' dir='ltr'>Quapropter</span> <span class='ocrx_word' id='word_1_17' title='bbox 853 647 1245 740; x_wconf 84' lang='lat' dir='ltr'>mercuriicolumnam</span> <span class='ocrx_word' id='word_1_18' title='bbox 1276 671 1324 748; x_wconf 84' lang='lat'>²9</span> <span class='ocrx_word' id='word_1_19' title='bbox 1347 645 1427 750; x_wconf 90' lang='lat' dir='ltr'>pol·</span> 
     </span>
     <span class='ocr_line' id='line_1_5' title="bbox 319 766 1429 870; baseline -0.006 -26"><span class='ocrx_word' id='word_1_20' title='bbox 319 771 403 846; x_wconf 83' lang='lat' dir='ltr'>lices</span> <span class='ocrx_word' id='word_1_21' title='bbox 428 771 629 870; x_wconf 81' lang='lat' dir='ltr'>adtingere,</span> <span class='ocrx_word' id='word_1_22' title='bbox 652 770 705 843; x_wconf 90' lang='lat' dir='ltr'>uti</span> <span class='ocrx_word' id='word_1_23' title='bbox 729 769 769 844; x_wconf 91' lang='lat' dir='ltr'>id</span> <span class='ocrx_word' id='word_1_24' title='bbox 791 770 830 844; x_wconf 91' lang='lat' dir='ltr'>in</span> <span class='ocrx_word' id='word_1_25' title='bbox 854 767 964 870; x_wconf 81' lang='lat' dir='ltr'>plagis</span> <span class='ocrx_word' id='word_1_26' title='bbox 981 767 1176 869; x_wconf 82' lang='lat' dir='ltr'>depressis,</span> <span class='ocrx_word' id='word_1_27' title='bbox 1200 766 1339 867; x_wconf 88' lang='lat' dir='ltr'>orisque</span> <span class='ocrx_word' id='word_1_28' title='bbox 1355 790 1429 838; x_wconf 83' lang='lat' dir='ltr'>ma-</span> 
     </span>
     <span class='ocr_line' id='line_1_6' title="bbox 317 882 1427 986; baseline -0.005 -24"><span class='ocrx_word' id='word_1_29' title='bbox 317 889 443 970; x_wconf 83' lang='lat' dir='ltr'>ritimis</span> <span class='ocrx_word' id='word_1_30' title='bbox 468 888 619 983; x_wconf 89' lang='lat' dir='ltr'>accidit,</span> <span class='ocrx_word' id='word_1_31' title='bbox 643 887 760 960; x_wconf 87' lang='lat' dir='ltr'><strong>Ticini</strong></span> <span class='ocrx_word' id='word_1_32' title='bbox 785 911 969 986; x_wconf 84' lang='lat' dir='ltr'>nunquam</span> <span class='ocrx_word' id='word_1_33' title='bbox 999 882 1226 978; x_wconf 63' lang='lat' dir='ltr'>observatum</span> <span class='ocrx_word' id='word_1_34' title='bbox 1260 883 1354 956; x_wconf 89' lang='lat' dir='ltr'>inter</span> <span class='ocrx_word' id='word_1_35' title='bbox 1380 883 1427 958; x_wconf 77' lang='lat'>28</span> 
     </span>
     <span class='ocr_line' id='line_1_7' title="bbox 317 1001 1427 1108; baseline -0.005 -28"><span class='ocrx_word' id='word_1_36' title='bbox 317 1021 355 1080; x_wconf 88' lang='lat' dir='ltr'>et</span> <span class='ocrx_word' id='word_1_37' title='bbox 373 1033 418 1108; x_wconf 79' lang='lat'>27</span> <span class='ocrx_word' id='word_1_38' title='bbox 433 1021 554 1081; x_wconf 88' lang='lat' dir='ltr'>contra</span> <span class='ocrx_word' id='word_1_39' title='bbox 571 1005 739 1107; x_wconf 77' lang='lat' dir='ltr'>deprimi,</span> <span class='ocrx_word' id='word_1_40' title='bbox 754 1003 1077 1105; x_wconf 82' lang='lat' dir='ltr'>frequentissimum</span> <span class='ocrx_word' id='word_1_41' title='bbox 1094 1015 1156 1076; x_wconf 79' lang='lat' dir='ltr'>est</span> <span class='ocrx_word' id='word_1_42' title='bbox 1169 1003 1285 1076; x_wconf 86' lang='lat' dir='ltr'>I&#39;mrno</span> <span class='ocrx_word' id='word_1_43' title='bbox 1302 1001 1427 1101; x_wconf 79' lang='lat' dir='ltr'>quovit</span> 
     </span>
     <span class='ocr_line' id='line_1_8' title="bbox 317 1117 1486 1226; baseline -0.006 -28"><span class='ocrx_word' id='word_1_44' title='bbox 317 1125 391 1198; x_wconf 84' lang='lat' dir='ltr'>fere</span> <span class='ocrx_word' id='word_1_45' title='bbox 415 1152 510 1200; x_wconf 86' lang='lat' dir='ltr'>anno</span> <span class='ocrx_word' id='word_1_46' title='bbox 534 1124 670 1226; x_wconf 79' lang='lat' dir='ltr'>aliquot</span> <span class='ocrx_word' id='word_1_47' title='bbox 692 1123 850 1199; x_wconf 86' lang='lat' dir='ltr'>iuvenies</span> <span class='ocrx_word' id='word_1_48' title='bbox 875 1122 971 1216; x_wconf 89' lang='lat' dir='ltr'>dics,</span> <span class='ocrx_word' id='word_1_49' title='bbox 994 1121 1122 1221; x_wconf 89' lang='lat' dir='ltr'>quibus</span> <span class='ocrx_word' id='word_1_50' title='bbox 1147 1121 1194 1198; x_wconf 90' lang='lat' dir='ltr'>ad</span> <span class='ocrx_word' id='word_1_51' title='bbox 1220 1147 1265 1223; x_wconf 80' lang='lat'>27</span> <span class='ocrx_word' id='word_1_52' title='bbox 1282 1117 1426 1222; x_wconf 83' lang='lat' dir='ltr'>pollices</span> <span class='ocrx_word' id='word_1_53' title='bbox 1481 1136 1486 1146; x_wconf 92' lang='grc'><strong><em>·</em></strong></span> 
     </span>
     <span class='ocr_line' id='line_1_9' title="bbox 213 1239 1427 1344; baseline -0.008 -22"><span class='ocrx_word' id='word_1_54' title='bbox 213 1255 215 1262; x_wconf 82' lang='grc'><em>’</em></span> <span class='ocrx_word' id='word_1_55' title='bbox 317 1241 513 1341; x_wconf 78' lang='lat' dir='ltr'>delabitur3</span> <span class='ocrx_word' id='word_1_56' title='bbox 536 1243 808 1344; x_wconf 91' lang='lat' dir='ltr'>phaenomenon</span> <span class='ocrx_word' id='word_1_57' title='bbox 831 1243 871 1314; x_wconf 92' lang='lat' dir='ltr'>in</span> <span class='ocrx_word' id='word_1_58' title='bbox 895 1239 1109 1342; x_wconf 89' lang='lat' dir='ltr'>quibusdam</span> <span class='ocrx_word' id='word_1_59' title='bbox 1133 1240 1332 1342; x_wconf 86' lang='lat' dir='ltr'>regionibus</span> <span class='ocrx_word' id='word_1_60' title='bbox 1347 1264 1427 1342; x_wconf 89' lang='lat' dir='ltr'>pro·</span> 
     </span>
     <span class='ocr_line' id='line_1_10' title="bbox 317 1355 1427 1460; baseline -0.005 -20"><span class='ocrx_word' id='word_1_61' title='bbox 317 1361 411 1440; x_wconf 77' lang='lat' dir='ltr'>fecto</span> <span class='ocrx_word' id='word_1_62' title='bbox 435 1362 671 1456; x_wconf 77' lang='lat' dir='ltr'>rarissimum,</span> <span class='ocrx_word' id='word_1_63' title='bbox 695 1360 733 1434; x_wconf 90' lang='lat' dir='ltr'>in</span> <span class='ocrx_word' id='word_1_64' title='bbox 758 1359 833 1432; x_wconf 81' lang='lat' dir='ltr'>aliis</span> <span class='ocrx_word' id='word_1_65' title='bbox 857 1357 964 1460; x_wconf 86' lang='lat' dir='ltr'>plano</span> <span class='ocrx_word' id='word_1_66' title='bbox 987 1360 1189 1434; x_wconf 84' lang='lat' dir='ltr'>inauditum</span> <span class='ocrx_word' id='word_1_67' title='bbox 1222 1357 1305 1432; x_wconf 80' lang='lat' dir='ltr'>licet</span> <span class='ocrx_word' id='word_1_68' title='bbox 1329 1355 1427 1434; x_wconf 75' lang='lat' dir='ltr'>nulla</span> 
     </span>
     <span class='ocr_line' id='line_1_11' title="bbox 316 1474 1428 1574; baseline -0.007 -15"><span class='ocrx_word' id='word_1_69' title='bbox 316 1481 364 1559; x_wconf 84' lang='lat' dir='ltr'>sit</span> <span class='ocrx_word' id='word_1_70' title='bbox 387 1479 591 1554; x_wconf 80' lang='lat' dir='ltr'><strong>elevationis</strong></span> <span class='ocrx_word' id='word_1_71' title='bbox 616 1477 822 1552; x_wconf 85' lang='lat' dir='ltr'>differentia.</span> <span class='ocrx_word' id='word_1_72' title='bbox 846 1476 902 1552; x_wconf 87' lang='lat' dir='ltr'>Ab</span> <span class='ocrx_word' id='word_1_73' title='bbox 927 1503 1021 1551; x_wconf 88' lang='lat' dir='ltr'>anno</span> <span class='ocrx_word' id='word_1_74' title='bbox 1062 1478 1155 1550; x_wconf 81' lang='lat'>1808</span> <span class='ocrx_word' id='word_1_75' title='bbox 1180 1474 1226 1550; x_wconf 86' lang='lat' dir='ltr'>ad</span> <span class='ocrx_word' id='word_1_76' title='bbox 1250 1476 1428 1574; x_wconf 84' lang='lat' dir='ltr'>integrum</span> 
     </span>
     <span class='ocr_line' id='line_1_12' title="bbox 322 1593 1427 1698; baseline -0.004 -26"><span class='ocrx_word' id='word_1_77' title='bbox 322 1597 413 1672; x_wconf 77' lang='lat'>1815</span> <span class='ocrx_word' id='word_1_78' title='bbox 440 1597 557 1672; x_wconf 87' lang='lat' dir='ltr'>media</span> <span class='ocrx_word' id='word_1_79' title='bbox 580 1596 778 1698; x_wconf 89' lang='lat' dir='ltr'>baroscopii</span> <span class='ocrx_word' id='word_1_80' title='bbox 802 1598 906 1673; x_wconf 87' lang='lat' dir='ltr'>s&#39;tatio</span> <span class='ocrx_word' id='word_1_81' title='bbox 931 1610 1006 1670; x_wconf 87' lang='lat' dir='ltr'>erat</span> <span class='ocrx_word' id='word_1_82' title='bbox 1032 1600 1105 1698; x_wconf 81' lang='lat'>27.⁰</span> <span class='ocrx_word' id='word_1_83' title='bbox 1129 1621 1164 1696; x_wconf 89' lang='lat'>9.</span> <span class='ocrx_word' id='word_1_84' title='bbox 1191 1597 1247 1692; x_wconf 67' lang='lat'>43</span> <span class='ocrx_word' id='word_1_85' title='bbox 1270 1593 1316 1668; x_wconf 87' lang='lat' dir='ltr'>ab</span> <span class='ocrx_word' id='word_1_86' title='bbox 1333 1619 1427 1668; x_wconf 86' lang='lat' dir='ltr'>armo</span> 
     </span>
     <span class='ocr_line' id='line_1_13' title="bbox 323 1713 1223 1818; baseline -0.004 -26"><span class='ocrx_word' id='word_1_87' title='bbox 323 1719 414 1818; x_wconf 84' lang='lat'>1817</span> <span class='ocrx_word' id='word_1_88' title='bbox 441 1715 488 1790; x_wconf 90' lang='lat' dir='ltr'>ad</span> <span class='ocrx_word' id='word_1_89' title='bbox 518 1717 611 1810; x_wconf 73' lang='lat'>1824</span> <span class='ocrx_word' id='word_1_90' title='bbox 635 1743 763 1818; x_wconf 87' lang='lat' dir='ltr'>parum</span> <span class='ocrx_word' id='word_1_91' title='bbox 787 1713 963 1792; x_wconf 83' lang='lat' dir='ltr'>dissimilis</span> <span class='ocrx_word' id='word_1_92' title='bbox 991 1741 1047 1818; x_wconf 84' lang='lat'>²7·</span> <span class='ocrx_word' id='word_1_93' title='bbox 1078 1740 1132 1788; x_wconf 85' lang='grc' dir='ltr'>ιο.</span> <span class='ocrx_word' id='word_1_94' title='bbox 1169 1741 1223 1789; x_wconf 84' lang='lat'>12.</span> 
     </span>
    </p>

    <p class='ocr_par' dir='ltr' id='par_1_3' title="bbox 310 1833 1488 4421">
     <span class='ocr_line' id='line_1_14' title="bbox 365 1833 1422 1936; baseline -0.002 -28"><span class='ocrx_word' id='word_1_95' title='bbox 365 1837 446 1928; x_wconf 90' lang='lat' dir='ltr'>Quo</span> <span class='ocrx_word' id='word_1_96' title='bbox 471 1841 584 1936; x_wconf 84' lang='lat' dir='ltr'>major</span> <span class='ocrx_word' id='word_1_97' title='bbox 614 1861 785 1936; x_wconf 88' lang='lat' dir='ltr'>aquarum</span> <span class='ocrx_word' id='word_1_98' title='bbox 809 1835 931 1935; x_wconf 86' lang='lat' dir='ltr'>copia,</span> <span class='ocrx_word' id='word_1_99' title='bbox 960 1859 1033 1934; x_wconf 92' lang='lat' dir='ltr'>quo</span> <span class='ocrx_word' id='word_1_100' title='bbox 1063 1833 1205 1907; x_wconf 81' lang='lat' dir='ltr'>uberior</span> <span class='ocrx_word' id='word_1_101' title='bbox 1234 1833 1422 1906; x_wconf 83' lang='lat' dir='ltr'>earum-in</span> 
     </span>
     <span class='ocr_line' id='line_1_15' title="bbox 314 1951 1426 2055; baseline -0.004 -27"><span class='ocrx_word' id='word_1_102' title='bbox 314 1977 463 2053; x_wconf 75' lang='lat' dir='ltr'>vapores</span> <span class='ocrx_word' id='word_1_103' title='bbox 488 1953 675 2050; x_wconf 76' lang='lat' dir='ltr'>resolutio,</span> <span class='ocrx_word' id='word_1_104' title='bbox 691 1979 762 2055; x_wconf 92' lang='lat' dir='ltr'>quo</span> <span class='ocrx_word' id='word_1_105' title='bbox 788 1953 944 2028; x_wconf 84' lang='lat' dir='ltr'>crebrior</span> <span class='ocrx_word' id='word_1_106' title='bbox 968 1951 1178 2026; x_wconf 73' lang='lat' dir='ltr'>nebularum</span> <span class='ocrx_word' id='word_1_107' title='bbox 1203 1952 1358 2051; x_wconf 85' lang='lat' dir='ltr'>genesis,</span> <span class='ocrx_word' id='word_1_108' title='bbox 1381 1977 1426 2025; x_wconf 88' lang='lat' dir='ltr'>eo</span> 
     </span>
     <span class='ocr_line' id='line_1_16' title="bbox 314 2067 1423 2148; baseline -0.005 0"><span class='ocrx_word' id='word_1_109' title='bbox 314 2071 465 2148; x_wconf 78' lang='lat' dir='ltr'>vividior</span> <span class='ocrx_word' id='word_1_110' title='bbox 488 2073 681 2146; x_wconf 85' lang='lat' dir='ltr'>universim</span> <span class='ocrx_word' id='word_1_111' title='bbox 705 2097 780 2144; x_wconf 89' lang='lat' dir='ltr'>esse</span> <span class='ocrx_word' id='word_1_112' title='bbox 804 2071 894 2146; x_wconf 86' lang='lat' dir='ltr'>solet</span> <span class='ocrx_word' id='word_1_113' title='bbox 917 2079 1037 2145; x_wconf 70' lang='lat' dir='ltr'>demae</span> <span class='ocrx_word' id='word_1_114' title='bbox 1060 2070 1290 2144; x_wconf 77' lang='lat' dir='ltr'>electriciratis</span> <span class='ocrx_word' id='word_1_115' title='bbox 1313 2067 1423 2142; x_wconf 86' lang='lat' dir='ltr'>lusus.</span> 
     </span>
     <span class='ocr_line' id='line_1_17' title="bbox 316 2185 1488 2290; baseline -0.007 -24"><span class='ocrx_word' id='word_1_116' title='bbox 316 2187 498 2266; x_wconf 88' lang='lat' dir='ltr'>Tellurem</span> <span class='ocrx_word' id='word_1_117' title='bbox 522 2203 559 2263; x_wconf 88' lang='lat' dir='ltr'>et</span> <span class='ocrx_word' id='word_1_118' title='bbox 592 2190 876 2290; x_wconf 85' lang='lat' dir='ltr'>atmospbaeram</span> <span class='ocrx_word' id='word_1_119' title='bbox 901 2215 992 2290; x_wconf 87' lang='lat' dir='ltr'>pene</span> <span class='ocrx_word' id='word_1_120' title='bbox 1016 2185 1229 2290; x_wconf 84' lang='lat' dir='ltr'>perennibus</span> <span class='ocrx_word' id='word_1_121' title='bbox 1254 2185 1425 2262; x_wconf 59' lang='lat' dir='ltr'>electricis</span> <span class='ocrx_word' id='word_1_122' title='bbox 1486 2189 1488 2194; x_wconf 82' lang='grc'><strong>’</strong></span> 
     </span>
     <span class='ocr_line' id='line_1_18' title="bbox 315 2303 1426 2404; baseline -0.002 -24"><span class='ocrx_word' id='word_1_123' title='bbox 315 2308 398 2381; x_wconf 85' lang='lat' dir='ltr'>tatis</span> <span class='ocrx_word' id='word_1_124' title='bbox 432 2307 729 2381; x_wconf 75' lang='lat' dir='ltr'>vicissitudinibus</span> <span class='ocrx_word' id='word_1_125' title='bbox 759 2307 826 2380; x_wconf 85' lang='lat' dir='ltr'>sibi</span> <span class='ocrx_word' id='word_1_126' title='bbox 857 2305 1062 2404; x_wconf 73' lang='lat' dir='ltr'>colluctari3</span> <span class='ocrx_word' id='word_1_127' title='bbox 1085 2349 1137 2362; x_wconf 91' lang='lat'><em>-</em></span> <span class='ocrx_word' id='word_1_128' title='bbox 1160 2303 1426 2380; x_wconf 80' lang='lat' dir='ltr'>electricitatem</span> 
     </span>
     <span class='ocr_line' id='line_1_19' title="bbox 315 2419 1425 2528; baseline -0.005 -32"><span class='ocrx_word' id='word_1_129' title='bbox 315 2424 632 2528; x_wconf 84' lang='lat' dir='ltr'>atmosphaericaru</span> <span class='ocrx_word' id='word_1_130' title='bbox 665 2423 818 2497; x_wconf 86' lang='lat' dir='ltr'>nubibus</span> <span class='ocrx_word' id='word_1_131' title='bbox 851 2424 1056 2524; x_wconf 85' lang='lat' dir='ltr'>cumprimis</span> <span class='ocrx_word' id='word_1_132' title='bbox 1084 2422 1268 2504; x_wconf 83' lang='lat' dir='ltr'>inhaerere</span> <span class='ocrx_word' id='word_1_133' title='bbox 1301 2419 1425 2522; x_wconf 84' lang='lat' dir='ltr'>profu-</span> 
     </span>
     <span class='ocr_line' id='line_1_20' title="bbox 314 2539 1426 2644; baseline -0.003 -28"><span class='ocrx_word' id='word_1_134' title='bbox 314 2544 464 2637; x_wconf 82' lang='lat' dir='ltr'>siorem,</span> <span class='ocrx_word' id='word_1_135' title='bbox 478 2541 606 2644; x_wconf 89' lang='lat' dir='ltr'>pluviis</span> <span class='ocrx_word' id='word_1_136' title='bbox 631 2542 837 2643; x_wconf 88' lang='lat' dir='ltr'>nebulisque</span> <span class='ocrx_word' id='word_1_137' title='bbox 862 2541 1050 2618; x_wconf 87' lang='lat' dir='ltr'>comitibus</span> <span class='ocrx_word' id='word_1_138' title='bbox 1074 2541 1121 2618; x_wconf 89' lang='lat' dir='ltr'>ad</span> <span class='ocrx_word' id='word_1_139' title='bbox 1144 2567 1213 2621; x_wconf 83' lang='lat' dir='ltr'>nos</span> <span class='ocrx_word' id='word_1_140' title='bbox 1230 2539 1426 2630; x_wconf 83' lang='lat' dir='ltr'>¹descende-</span> 
     </span>
     <span class='ocr_line' id='line_1_21' title="bbox 315 2659 1425 2762; baseline 0 -30"><span class='ocrx_word' id='word_1_141' title='bbox 315 2685 375 2755; x_wconf 90' lang='lat' dir='ltr'>re,</span> <span class='ocrx_word' id='word_1_142' title='bbox 398 2685 439 2734; x_wconf 89' lang='lat' dir='ltr'>ac</span> <span class='ocrx_word' id='word_1_143' title='bbox 463 2675 564 2736; x_wconf 88' lang='lat' dir='ltr'>tanto</span> <span class='ocrx_word' id='word_1_144' title='bbox 593 2661 734 2734; x_wconf 75' lang='lat' dir='ltr'>uberim</span> <span class='ocrx_word' id='word_1_145' title='bbox 758 2659 903 2762; x_wconf 88' lang='lat' dir='ltr'>prolici,</span> <span class='ocrx_word' id='word_1_146' title='bbox 931 2685 1003 2760; x_wconf 82' lang='lat' dir='ltr'>quo</span> <span class='ocrx_word' id='word_1_147' title='bbox 1028 2659 1281 2762; x_wconf 77' lang='lat' dir='ltr'>frequentiores</span> <span class='ocrx_word' id='word_1_148' title='bbox 1306 2674 1343 2733; x_wconf 88' lang='lat' dir='ltr'>et</span> <span class='ocrx_word' id='word_1_149' title='bbox 1366 2685 1425 2732; x_wconf 90' lang='lat' dir='ltr'>ra·</span> 
     </span>
     <span class='ocr_line' id='line_1_22' title="bbox 314 2779 1426 2880; baseline 0.001 -30"><span class='ocrx_word' id='word_1_150' title='bbox 314 2779 467 2879; x_wconf 89' lang='lat' dir='ltr'>pidiores</span> <span class='ocrx_word' id='word_1_151' title='bbox 497 2779 628 2854; x_wconf 85' lang='lat' dir='ltr'>fuerint</span> <span class='ocrx_word' id='word_1_152' title='bbox 661 2805 835 2880; x_wconf 83' lang='lat' dir='ltr'>vaporum</span> <span class='ocrx_word' id='word_1_153' title='bbox 859 2805 1024 2878; x_wconf 72' lang='lat' dir='ltr'>geneses3</span> <span class='ocrx_word' id='word_1_154' title='bbox 1057 2821 1109 2836; x_wconf 89' lang='lat'>--</span> <span class='ocrx_word' id='word_1_155' title='bbox 1136 2805 1216 2855; x_wconf 80' lang='lat' dir='ltr'>eam</span> <span class='ocrx_word' id='word_1_156' title='bbox 1249 2779 1426 2880; x_wconf 85' lang='lat' dir='ltr'>donique,</span> 
     </span>
     <span class='ocr_line' id='line_1_23' title="bbox 314 2897 1424 2993; baseline 0.001 -22"><span class='ocrx_word' id='word_1_157' title='bbox 314 2897 389 2972; x_wconf 86' lang='lat' dir='ltr'>sive</span> <span class='ocrx_word' id='word_1_158' title='bbox 414 2897 576 2972; x_wconf 81' lang='lat' dir='ltr'>atellurc</span> <span class='ocrx_word' id='word_1_159' title='bbox 601 2924 742 2978; x_wconf 83' lang='lat' dir='ltr'>sursum</span> <span class='ocrx_word' id='word_1_160' title='bbox 766 2912 933 2974; x_wconf 84' lang='lat' dir='ltr'>evocetur</span> <span class='ocrx_word' id='word_1_161' title='bbox 956 2900 1000 2990; x_wconf 68' lang='lat' dir='ltr'>in⁴</span> <span class='ocrx_word' id='word_1_162' title='bbox 1020 2907 1159 2993; x_wconf 53' lang='lat' dir='ltr'>amem,</span> <span class='ocrx_word' id='word_1_163' title='bbox 1183 2898 1265 2986; x_wconf 19' lang='lat' dir='ltr'>sive*</span> <span class='ocrx_word' id='word_1_164' title='bbox 1282 2897 1327 2970; x_wconf 87' lang='lat' dir='ltr'>ab</span> <span class='ocrx_word' id='word_1_165' title='bbox 1353 2897 1424 2972; x_wconf 88' lang='lat' dir='ltr'>hoc</span> 
     </span>
     <span class='ocr_line' id='line_1_24' title="bbox 315 3016 1428 3120; baseline 0 -30"><span class='ocrx_word' id='word_1_166' title='bbox 315 3016 483 3092; x_wconf 89' lang='lat' dir='ltr'>deorsum</span> <span class='ocrx_word' id='word_1_167' title='bbox 506 3018 667 3120; x_wconf 88' lang='lat' dir='ltr'>depluat,</span> <span class='ocrx_word' id='word_1_168' title='bbox 691 3045 805 3120; x_wconf 80' lang='lat' dir='ltr'>aquen</span> <span class='ocrx_word' id='word_1_169' title='bbox 829 3016 993 3094; x_wconf 87' lang='lat' dir='ltr'>vehiculo</span> <span class='ocrx_word' id='word_1_170' title='bbox 1018 3018 1088 3114; x_wconf 87' lang='lat' dir='ltr'>uti,</span> <span class='ocrx_word' id='word_1_171' title='bbox 1102 3059 1155 3076; x_wconf 89' lang='lat'>--</span> <span class='ocrx_word' id='word_1_172' title='bbox 1169 3019 1350 3091; x_wconf 88' lang='lat' dir='ltr'>neminem</span> <span class='ocrx_word' id='word_1_173' title='bbox 1374 3042 1428 3090; x_wconf 89' lang='lat' dir='ltr'>rc·</span> 
     </span>
     <span class='ocr_line' id='line_1_25' title="bbox 314 3131 1426 3238; baseline 0.001 -29"><span class='ocrx_word' id='word_1_174' title='bbox 314 3163 397 3216; x_wconf 82' lang='lat' dir='ltr'>rum</span> <span class='ocrx_word' id='word_1_175' title='bbox 420 3137 649 3238; x_wconf 80' lang='lat' dir='ltr'>physicarum</span> <span class='ocrx_word' id='word_1_176' title='bbox 673 3165 821 3238; x_wconf 84' lang='lat' dir='ltr'>guarum</span> <span class='ocrx_word' id='word_1_177' title='bbox 845 3137 940 3210; x_wconf 80' lang='lat' dir='ltr'>lutet</span> <span class='ocrx_word' id='word_1_178' title='bbox 958 3137 1076 3230; x_wconf 86' lang='lat' dir='ltr'>Quam</span> <span class='ocrx_word' id='word_1_179' title='bbox 1100 3131 1148 3211; x_wconf 91' lang='lat' dir='ltr'>ob</span> <span class='ocrx_word' id='word_1_180' title='bbox 1172 3162 1249 3210; x_wconf 88' lang='lat' dir='ltr'>rem</span> <span class='ocrx_word' id='word_1_181' title='bbox 1272 3137 1311 3210; x_wconf 90' lang='lat' dir='ltr'>in</span> <span class='ocrx_word' id='word_1_182' title='bbox 1331 3136 1426 3236; x_wconf 78' lang='lat' dir='ltr'>Agru</span> 
     </span>
     <span class='ocr_line' id='line_1_26' title="bbox 316 3251 1426 3356; baseline -0.006 -27"><span class='ocrx_word' id='word_1_183' title='bbox 316 3255 496 3329; x_wconf 86' lang='lat' dir='ltr'>Ticinensi</span> <span class='ocrx_word' id='word_1_184' title='bbox 519 3258 663 3355; x_wconf 81' lang='lat' dir='ltr'>insignis</span> <span class='ocrx_word' id='word_1_185' title='bbox 688 3283 856 3356; x_wconf 83' lang='lat' dir='ltr'>persaepe</span> <span class='ocrx_word' id='word_1_186' title='bbox 881 3255 1171 3331; x_wconf 84' lang='lat' dir='ltr'>animadvertitur</span> <span class='ocrx_word' id='word_1_187' title='bbox 1195 3257 1315 3331; x_wconf 82' lang='lat' dir='ltr'>tensio.</span> <span class='ocrx_word' id='word_1_188' title='bbox 1333 3251 1426 3330; x_wconf 66' lang='lat' dir='ltr'>elec,</span> 
     </span>
     <span class='ocr_line' id='line_1_27' title="bbox 315 3372 1426 3473; baseline 0.005 -28"><span class='ocrx_word' id='word_1_189' title='bbox 315 3374 425 3468; x_wconf 81' lang='lat' dir='ltr'>trica,</span> <span class='ocrx_word' id='word_1_190' title='bbox 457 3375 618 3473; x_wconf 88' lang='lat' dir='ltr'>inprimis</span> <span class='ocrx_word' id='word_1_191' title='bbox 652 3375 831 3450; x_wconf 87' lang='lat' dir='ltr'>mensibus</span> <span class='ocrx_word' id='word_1_192' title='bbox 857 3375 954 3448; x_wconf 81' lang='lat' dir='ltr'>lunii</span> <span class='ocrx_word' id='word_1_193' title='bbox 979 3387 1017 3446; x_wconf 85' lang='lat' dir='ltr'>et</span> <span class='ocrx_word' id='word_1_194' title='bbox 1039 3373 1147 3469; x_wconf 87' lang='lat' dir='ltr'>Julii,</span> <span class='ocrx_word' id='word_1_195' title='bbox 1171 3372 1218 3448; x_wconf 93' lang='lat' dir='ltr'>ob</span> <span class='ocrx_word' id='word_1_196' title='bbox 1249 3386 1426 3450; x_wconf 76' lang='lat' dir='ltr'>summam</span> 
     </span>
     <span class='ocr_line' id='line_1_28' title="bbox 315 3489 1426 3592; baseline 0.004 -30"><span class='ocrx_word' id='word_1_197' title='bbox 315 3489 462 3576; x_wconf 72' lang='lat' dir='ltr'>feruoris</span> <span class='ocrx_word' id='word_1_198' title='bbox 486 3491 863 3590; x_wconf 67' lang='lat' dir='ltr'>aestinpotesusem,</span> <span class='ocrx_word' id='word_1_199' title='bbox 883 3506 919 3565; x_wconf 90' lang='lat' dir='ltr'>et</span> <span class='ocrx_word' id='word_1_200' title='bbox 945 3493 1202 3592; x_wconf 86' lang='lat' dir='ltr'>evaporationis</span> <span class='ocrx_word' id='word_1_201' title='bbox 1227 3492 1426 3582; x_wconf 76' lang='lat' dir='ltr'>redundan-</span> 
     </span>
     <span class='ocr_line' id='line_1_29' title="bbox 315 3606 1426 3708; baseline -0.002 -22"><span class='ocrx_word' id='word_1_202' title='bbox 315 3606 424 3703; x_wconf 80' lang='lat' dir='ltr'>tiam,</span> <span class='ocrx_word' id='word_1_203' title='bbox 439 3621 544 3708; x_wconf 85' lang='lat' dir='ltr'>atquc</span> <span class='ocrx_word' id='word_1_204' title='bbox 569 3607 753 3706; x_wconf 80' lang='lat' dir='ltr'>singularis</span> <span class='ocrx_word' id='word_1_205' title='bbox 776 3608 873 3682; x_wconf 90' lang='lat' dir='ltr'>haud</span> <span class='ocrx_word' id='word_1_206' title='bbox 898 3635 976 3684; x_wconf 86' lang='lat' dir='ltr'>raro</span> <span class='ocrx_word' id='word_1_207' title='bbox 1002 3634 1077 3682; x_wconf 88' lang='lat' dir='ltr'>esse</span> <span class='ocrx_word' id='word_1_208' title='bbox 1102 3609 1193 3684; x_wconf 88' lang='lat' dir='ltr'>solet</span> <span class='ocrx_word' id='word_1_209' title='bbox 1216 3607 1426 3688; x_wconf 81' lang='lat' dir='ltr'>vicissitudi-</span> 
     </span>
     <span class='ocr_line' id='line_1_30' title="bbox 314 3723 1425 3826; baseline -0.005 -23"><span class='ocrx_word' id='word_1_210' title='bbox 314 3723 372 3805; x_wconf 76' lang='lat' dir='ltr'>nis</span> <span class='ocrx_word' id='word_1_211' title='bbox 391 3725 574 3826; x_wconf 83' lang='lat' dir='ltr'>rapiditas,</span> <span class='ocrx_word' id='word_1_212' title='bbox 590 3725 799 3808; x_wconf 82' lang='lat' dir='ltr'>testantibus</span> <span class='ocrx_word' id='word_1_213' title='bbox 820 3725 1123 3801; x_wconf 84' lang='lat' dir='ltr'>observationibus</span> <span class='ocrx_word' id='word_1_214' title='bbox 1140 3723 1425 3800; x_wconf 83' lang='lat' dir='ltr'>electrometricis</span> 
     </span>
     <span class='ocr_line' id='line_1_31' title="bbox 313 3843 1423 3946; baseline 0.001 -29"><span class='ocrx_word' id='word_1_215' title='bbox 313 3845 514 3935; x_wconf 65' lang='lat' dir='ltr'>Anrrrnruu</span> <span class='ocrx_word' id='word_1_216' title='bbox 547 3844 704 3944; x_wconf 73' lang='lat' dir='ltr'>Yucrsu</span> <span class='ocrx_word' id='word_1_217' title='bbox 731 3845 961 3946; x_wconf 82' lang='lat' dir='ltr'>Coryphaeus</span> <span class='ocrx_word' id='word_1_218' title='bbox 988 3843 1048 3917; x_wconf 84' lang='lat' dir='ltr'>ille</span> <span class='ocrx_word' id='word_1_219' title='bbox 1065 3843 1423 3946; x_wconf 81' lang='lat' dir='ltr'>Physiosophorum,</span> 
     </span>
     <span class='ocr_line' id='line_1_32' title="bbox 313 3961 1424 4064; baseline 0.004 -30"><span class='ocrx_word' id='word_1_220' title='bbox 313 3961 401 4050; x_wconf 83' lang='lat' dir='ltr'>dum</span> <span class='ocrx_word' id='word_1_221' title='bbox 424 3961 561 4062; x_wconf 81' lang='lat' dir='ltr'>fulgura</span> <span class='ocrx_word' id='word_1_222' title='bbox 586 3965 678 4037; x_wconf 79' lang='lat' dir='ltr'>inter</span> <span class='ocrx_word' id='word_1_223' title='bbox 702 3963 814 4047; x_wconf 80' lang='lat' dir='ltr'>nubes</span> <span class='ocrx_word' id='word_1_224' title='bbox 839 3962 1087 4060; x_wconf 85' lang='lat' dir='ltr'>coruscabant,</span> <span class='ocrx_word' id='word_1_225' title='bbox 1112 3965 1315 4064; x_wconf 85' lang='lat' dir='ltr'>tonitruque</span> <span class='ocrx_word' id='word_1_226' title='bbox 1341 3989 1424 4040; x_wconf 82' lang='lat' dir='ltr'>oon-</span> 
     </span>
     <span class='ocr_line' id='line_1_33' title="bbox 312 4078 1425 4183; baseline -0.001 -28"><span class='ocrx_word' id='word_1_227' title='bbox 312 4081 457 4167; x_wconf 74' lang='lat' dir='ltr'>tremuit</span> <span class='ocrx_word' id='word_1_228' title='bbox 481 4078 641 4176; x_wconf 85' lang='lat' dir='ltr'>coelum,</span> <span class='ocrx_word' id='word_1_229' title='bbox 665 4081 780 4156; x_wconf 87' lang='lat' dir='ltr'>decies</span> <span class='ocrx_word' id='word_1_230' title='bbox 805 4081 1018 4183; x_wconf 86' lang='lat' dir='ltr'>quandoque</span> <span class='ocrx_word' id='word_1_231' title='bbox 1042 4081 1136 4156; x_wconf 84' lang='lat' dir='ltr'>intra</span> <span class='ocrx_word' id='word_1_232' title='bbox 1160 4079 1268 4170; x_wconf 85' lang='lat' dir='ltr'>horae</span> <span class='ocrx_word' id='word_1_233' title='bbox 1292 4081 1425 4182; x_wconf 88' lang='lat' dir='ltr'>scripu·</span> 
     </span>
     <span class='ocr_line' id='line_1_34' title="bbox 312 4193 1424 4304; baseline 0.002 -35"><span class='ocrx_word' id='word_1_234' title='bbox 312 4193 389 4282; x_wconf 81' lang='lat' dir='ltr'>lum</span> <span class='ocrx_word' id='word_1_235' title='bbox 417 4196 651 4272; x_wconf 85' lang='lat' dir='ltr'>electricitatis</span> <span class='ocrx_word' id='word_1_236' title='bbox 681 4197 888 4304; x_wconf 86' lang='lat' dir='ltr'>qualitatem</span> <span class='ocrx_word' id='word_1_237' title='bbox 922 4199 1057 4275; x_wconf 80' lang='lat' dir='ltr'>variare</span> <span class='ocrx_word' id='word_1_238' title='bbox 1091 4197 1205 4296; x_wconf 84' lang='lat' dir='ltr'>vidit,</span> <span class='ocrx_word' id='word_1_239' title='bbox 1234 4198 1424 4299; x_wconf 83' lang='lat' dir='ltr'>positivam</span> 
     </span>
     <span class='ocr_line' id='line_1_35' title="bbox 310 4321 1198 4421; baseline -0.002 -27"><span class='ocrx_word' id='word_1_240' title='bbox 310 4333 436 4420; x_wconf 88' lang='lat' dir='ltr'>utpote</span> <span class='ocrx_word' id='word_1_241' title='bbox 461 4322 589 4396; x_wconf 81' lang='lat' dir='ltr'>mutari</span> <span class='ocrx_word' id='word_1_242' title='bbox 614 4321 653 4394; x_wconf 88' lang='lat' dir='ltr'>iu</span> <span class='ocrx_word' id='word_1_243' title='bbox 678 4321 900 4421; x_wconf 81' lang='lat' dir='ltr'>negativam,</span> <span class='ocrx_word' id='word_1_244' title='bbox 924 4334 961 4394; x_wconf 91' lang='lat' dir='ltr'>ct</span> <span class='ocrx_word' id='word_1_245' title='bbox 985 4321 1063 4394; x_wconf 87' lang='lat' dir='ltr'>vice</span> <span class='ocrx_word' id='word_1_246' title='bbox 1087 4345 1198 4396; x_wconf 85' lang='lat' dir='ltr'>versa.</span> 
     </span>
    </p>

    <p class='ocr_par' dir='ltr' id='par_1_4' title="bbox 362 4435 1423 4551">
     <span class='ocr_line' id='line_1_36' title="bbox 362 4435 1423 4551; baseline 0.002 -41"><span class='ocrx_word' id='word_1_247' title='bbox 362 4435 469 4515; x_wconf 87' lang='lat' dir='ltr'>Plura</span> <span class='ocrx_word' id='word_1_248' title='bbox 494 4461 600 4538; x_wconf 86' lang='lat' dir='ltr'>sanc,</span> <span class='ocrx_word' id='word_1_249' title='bbox 624 4463 734 4544; x_wconf 84' lang='lat' dir='ltr'>eaque</span> <span class='ocrx_word' id='word_1_250' title='bbox 757 4465 896 4514; x_wconf 84' lang='lat' dir='ltr'>summe</span> <span class='ocrx_word' id='word_1_251' title='bbox 916 4437 1028 4551; x_wconf 66' lang='lat' dir='ltr'>⁵obvia</span> <span class='ocrx_word' id='word_1_252' title='bbox 1052 4451 1136 4514; x_wconf 89' lang='lat' dir='ltr'>sunt</span> <span class='ocrx_word' id='word_1_253' title='bbox 1159 4437 1423 4542; x_wconf 84' lang='lat' dir='ltr'>phaenomena,</span> 
     </span>
    </p>
   </div>
   <div class='ocr_carea' id='block_1_2' title="bbox 0 0 1618 5166">
    <p class='ocr_par' dir='ltr' id='par_1_5' title="bbox 0 0 1618 5166">
     <span class='ocr_line' id='line_1_37' title="bbox 0 0 1618 5166; baseline 0 1"><span class='ocrx_word' id='word_1_254' title='bbox 0 0 1618 5166; x_wconf 95' lang='lat' dir='ltr'> </span> 
     </span>
    </p>
   </div>
  </div>
 </body>
</html>
