3252 5166
1229 345 1292 422 ¹9¹

197 421 324 510 modici
350 458 432 512 curu
457 457 542 512 vero
566 431 692 508 robore
717 433 814 510 vitali
839 437 875 510 in
902 461 1083 538 aegrorum
1107 437 1297 514 detnmen-

196 569 273 626 tum
298 551 542 650 conlundunt,
572 551 693 628 eadem
727 554 797 628 lere
832 561 1056 656 proportione
1087 559 1301 652 increvisse,

131 747 133 754 ,
194 698 263 772 qua
289 673 427 770 sanguis
452 671 651 746 inconsulto
676 671 742 745 suit
767 678 962 746 extructus.
998 748 1001 754 ,

141 803 143 808 ’
244 791 298 862 Ut
326 787 601 888 aequipondium
634 789 726 862 inter
760 790 909 864 factores
942 789 1066 864 vitales
1101 791 1305 892 systematis

181 930 360 994 ¹vastarum
394 889 682 1001 restitueremus,
715 909 876 1010 sequenti
910 893 1017 982 modo
1053 910 1299 1008 processimus.

196 1023 407 1122 Sanguinem
442 1021 584 1121 potibus
619 1016 917 1123 refrigerantibus,
953 1023 1126 1122 acidulis,
1153 1024 1297 1098 emulsis

195 1139 353 1234 nitratis,
378 1134 615 1243 Tamarindis,
639 1141 803 1214 cremore
831 1143 965 1238 tartari,
992 1155 1057 1216 etc.
1084 1157 1302 1244 temperare,

193 1257 420 1329 eretlrismum
444 1257 643 1357 systematis
667 1283 832 1332 vasorum
860 1261 1068 1358 narcoticis,
1101 1271 1206 1360 atque
1231 1255 1295 1334 de-

193 1378 445 1479 primentibus,
470 1403 559 1480 quae
583 1373 782 1480 specificam
807 1405 913 1480 super
942 1407 983 1454 ea
1014 1393 1161 1464 exerunt
1189 1381 1298 1456 actio·

193 1518 296 1593 nem,
319 1492 461 1595 Digitali
484 1509 629 1596 utpote,
652 1495 710 1570 vel
737 1499 953 1598 praeparatis
979 1499 1174 1571 Satuminis
1199 1523 1297 1572 com·

193 1643 334 1718 pescere
358 1615 567 1690 studuimus.
583 1614 664 1688 Pari
681 1631 839 1716 tempore
869 1617 1070 1692 cohaesioni
1100 1618 1301 1692 tunicarum

192 1739 306 1834 majus
330 1727 440 1806 robur
464 1733 592 1808 addere
617 1732 796 1832 volentes,
819 1731 1033 1836 epithemata
1058 1734 1169 1836 gelida
1194 1760 1301 1836 super

192 1849 312 1924 locum
346 1845 548 1947 adlectum,
589 1863 695 1950 atque
734 1847 916 1926 internum
957 1877 1060 1926 usum
1098 1851 1298 1952 oxydorum

191 1965 450 2042 metallicomm
460 2019 470 2062 ,
482 1968 721 2068 quaestiptica
737 1970 774 2042 vi
791 1962 946 2069 pollent,
962 1969 1078 2065 Zinci,
1099 1969 1296 2064 Rismutbi,

191 2085 291 2160 Ferri
315 2101 351 2160 et
374 2085 537 2182 Plumbi,
561 2085 703 2187 reliquis
728 2089 992 2187 anteposuimus
1010 2087 1225 2189 pharmacis,
1239 2113 1297 2162 so-

190 2202 297 2278 lerter
321 2203 479 2276 cavendo
502 2201 548 2276 ab
573 2201 737 2277 omnihus
761 2203 830 2277 illis
855 2206 954 2279 noxis
965 2258 976 2303 ,
1000 2228 1090 2306 qnae
1120 2205 1297 2303 sanguinis

191 2318 459 2394 tumultuarium
484 2335 622 2394 motum
659 2321 836 2395 concitare
873 2321 1074 2396 valuissent.
1109 2319 1298 2420 Digitalem

189 2461 404 2539 purpuream
429 2436 670 2512 lubentissime
694 2437 856 2513 dedimus
874 2439 986 2514 forma
1002 2439 1145 2512 infnsie
1170 2439 1296 2512 drach-

188 2580 247 2628 ma
272 2581 343 2630 nna
368 2557 503 2656 parati,
531 2553 789 2658 interponendo
823 2557 1032 2631 sorbitiones
1064 2552 1181 2628 acidas
1214 2579 1297 2632 cum

191 2671 325 2774 elixirio
350 2673 503 2770 Halleri,
526 2697 617 2774 quae
642 2697 715 2748 non
745 2672 861 2748 solum
890 2673 1026 2747 ardoris
1060 2699 1225 2768 sensum,
1248 2674 1296 2744 si-

190 2792 274 2888 tim,
299 2807 336 2866 et
360 2816 559 2892 orgasmum
582 2793 792 2894 placarunt,
814 2817 939 2870 verum
957 2792 1064 2870 etiam
1081 2790 1297 2888 effecerunt,
1321 2849 1324 2854 -

189 2901 230 2982 ut
253 2907 411 3008 Digitalis
442 2908 573 2984 diutius
598 2912 779 3012 propinari
815 2913 997 3013 potuisset,
1032 2912 1119 3012 quin
1150 2910 1295 2984 effectus

187 3049 374 3099 norcoseos
399 3041 515 3101 essent
538 3027 726 3103 subsecuti.
752 3031 815 3103 His
841 3044 960 3104 autem
976 3028 1114 3103 obortis-
1134 3042 1294 3102 actutum

187 3142 385 3216 destitimus
403 3144 448 3217 ab
465 3144 622 3221 ulteriori
639 3149 887 3248 usurpatione,
903 3146 1055 3220 secunda
1072 3147 1201 3220 iterum
1218 3145 1295 3223 vice

188 3271 369 3334 tentamen
394 3258 627 3362 replicantes,
642 3264 671 3336 si
688 3263 967 3338 emolumentum
984 3263 1164 3367 quoddam
1184 3263 1293 3366 phar-

113 3446 118 3456 .
187 3379 278 3452 maci
303 3379 471 3454 muntem
497 3383 767 3457 confirmaverit.
836 3384 841 3396 “

236 3496 279 3568 In
304 3521 387 3569 casu
412 3503 663 3598 amvrysmotir
686 3513 806 3575 aortae
830 3495 1044 3598 tlroracicae,
1068 3502 1196 3576 comite
1228 3526 1293 3602 ty-

181 3609 290 3713 phoa·
311 3615 518 3688 secundaria
529 3669 544 3706 ,
569 3617 666 3718 quod
694 3617 813 3719 puella
853 3644 890 3692 rr
930 3635 1102 3694 annonam
1138 3645 1158 3692 e
1192 3617 1293 3720 lapsu

184 3759 291 3833 super
315 3733 463 3808 dorsum
487 3737 682 3834 contraxit,
705 3731 912 3812 saccharum
935 3736 1081 3812 Saturrri
1104 3737 1294 3840 periclitari

184 3851 381 3949 voluimus,
404 3849 534 3927 effectu
559 3868 643 3929 vota
667 3869 786 3930 nostra
811 3858 870 3930 vix
894 3878 969 3932 uon
993 3871 1190 3959 superante.
1208 3855 1293 3930 Mali

182 3972 396 4070 gravissimi,
420 3972 661 4074 orthopnoicis
685 3973 874 4050 insultibus
905 3976 1068 4050 tementis
1103 3975 1191 4048 adeo
1217 3976 1292 4048 evi·

183 4089 270 4163 deus
295 4089 456 4165 levamen
481 4089 720 4188 obtinuimus,
743 4105 785 4166 ut
813 4118 915 4194 aegra
944 4119 1053 4195 quam
1083 4091 1142 4166 die
1167 4090 1200 4164 5.
1223 4092 1252 4164 F
1253 4117 1291 4164 es

180 4206 313 4282 bruarii
329 4209 563 4310 suscepimus,
579 4223 661 4310 post
679 4209 726 4304 24
742 4209 816 4284 dics
833 4211 981 4286 domum
993 4209 1107 4284 redire
1122 4209 1288 4310 potuerit.

182 4323 267 4396 Plus
291 4350 347 4398 ars
371 4351 445 4400 non
469 4325 596 4424 valuit,
611 4351 725 4427 neque
750 4328 968 4403 sanationem
984 4326 1199 4428 perfectam,
1223 4326 1292 4400 nisi

181 4443 310 4542 ansani,
327 4468 466 4546 sperare
482 4445 726 4550 potuissemus.
759 4447 910 4525 Dosibus
936 4447 1152 4553 pedetentim
1178 4448 1292 4530 aucus
