3228 5166
1241 363 1289 435 61

183 487 305 596 bium,
317 493 565 590 mercurium,
589 487 839 590 camphoram,
855 488 990 584 epium,
1012 499 1047 558 et
1063 483 1294 574 cincironam,

185 644 274 719 quac
299 641 396 691 anna
421 613 523 694 nobis
552 609 723 712 praebent
753 603 977 706 quotidiana,
1006 601 1127 702 paucis
1155 611 1296 672 teritum

184 761 347 836 egeamus
371 729 559 823 remediis,
582 727 694 826 iisque
718 721 859 796 nonmsi
878 720 919 792 iu
933 718 1121 792 rarioribus
1138 714 1297 808 casibus,

183 879 226 928 so
251 857 290 926 in
314 849 587 950 simplicissimas
612 840 783 918 iirnnuim
807 839 957 914 redactis
982 851 1133 910 utamur.
1144 835 1295 910 Pulchre

184 971 345 1080 proiecto
381 967 451 1040 hoc
487 963 734 1063 argumentum
766 956 996 1058 pertractavit
1035 945 1168 1027 amicus
1208 951 1297 1024 nala

185 1109 326 1184 semper
349 1081 615 1176 dilectissimus,
650 1103 691 1152 ac
723 1075 823 1168 nulla
855 1073 1034 1150 oblivione
1064 1071 1234 1145 delendus
1259 1071 1296 1142 in

185 1201 367 1273 Pieridum
391 1199 511 1271 castris
537 1193 751 1290 commilito,
776 1193 958 1270 (irenaeus
982 1193 1078 1266 Rosa
1109 1191 1227 1283 (Dias.
1252 1191 1297 1264 dc
1381 1229 1384 1235 Α

185 1315 272 1391 luxu
305 1316 343 1389 in
379 1311 653 1388 medicamentis.
677 1309 846 1383 Viennae.
878 1310 981 1394 ¹8¹2·
998 1315 1030 1403 ),
1054 1309 1298 1409 sequentiam

185 1433 281 1508 ealce
305 1431 439 1534 opellae
463 1429 678 1531 subjungens
702 1425 829 1502 rerbar
861 1427 1207 1518 “Quemadmodum
1231 1445 1298 1502 nec

184 1587 203 1619 s
226 1549 473 1653 Typograpiris
498 1563 553 1623 tut
576 1547 685 1621 literis
711 1561 765 1620 est
789 1571 900 1646 opus,
930 1561 1018 1646 quot
1043 1547 1150 1622 verba
1173 1549 1298 1648 impri-

152 1727 154 1730 .
183 1705 202 1740 n
225 1671 379 1766 menda,
402 1694 469 1742 nec
493 1667 625 1742 Pictori
640 1679 697 1739 tot
712 1664 910 1760 coloribus,
935 1691 975 1738 ac
992 1665 1187 1765 penicillis,
1211 1675 1299 1766 quot

186 1825 204 1858 η
226 1789 394 1886 imagines
419 1785 633 1887 pingendae:
658 1783 707 1856 ita
731 1809 798 1856 nec
824 1783 968 1856 Medicis
993 1797 1048 1857 tot
1066 1784 1299 1860 medicamina

186 1939 205 1976 s
228 1919 313 1978 sunt
346 1903 563 1999 necessaria,
591 1913 680 2002 quot
714 1899 919 1974 morborum
949 1904 1101 1974 nomina.
1132 1937 1148 1970 a
1180 1903 1299 1977 Pauca

186 2026 292 2122 igitur
315 2035 352 2096 et
376 2019 548 2116 eiiicaeia,
572 2017 760 2094 vernacula
786 2032 823 2092 et
847 2031 961 2114 corta,
990 2019 1162 2120 simplicia
1191 2035 1227 2096 et
1251 2021 1299 2097 ie-

187 2140 290 2214 vibus
315 2135 551 2240 comparanda
574 2135 795 2238 sumptibus,
819 2161 885 2211 suo
909 2151 1090 2238 tempore,
1114 2133 1298 2218 sedebitis

185 2257 300 2334 modis
337 2256 419 2330 data
453 2253 669 2340 satisimient
702 2269 739 2327 et
773 2266 957 2354 aegrorum
998 2255 1216 2355 valetudini,
1259 2273 1298 2335 ct

183 2375 277 2448 Artis
300 2373 531 2476 perfectioni,
554 2386 593 2446 ct
617 2369 745 2463 Medici
770 2371 905 2447 honori
930 2375 965 2447 Si
991 2401 1055 2476 per
1077 2377 1298 2452 saeculorum

184 2493 294 2568 scalas
310 2493 551 2588 ascendimus,
567 2487 853 2588 observabimus,
876 2495 1088 2571 medicinam
1104 2525 1298 2598 paucarum

182 2607 374 2686 herbarum
398 2610 503 2689 inisse
528 2610 733 2705 scientiam,
758 2609 989 2686 medicamina
1016 2613 1169 2714 vulgaria
1186 2631 1224 2690 et
1238 2643 1300 2718 pa-

182 2745 261 2806 ratu
288 2729 426 2827 facilia,
449 2728 579 2832 quibus
603 2741 723 2803 manen
748 2731 878 2824 sanitas
903 2734 1029 2806 amissa
1046 2736 1299 2834 revocabatur,

182 2863 220 2923 et
243 2861 407 2923 revocata
431 2849 471 2920 in
494 2845 638 2946 longam
662 2871 837 2921 antrorum
862 2837 990 2930 seriem
1018 2852 1298 2951 protrahebatur.

182 2969 373 3064 Pergamus
398 2963 444 3038 ad
467 2961 528 3038 iiia
552 2977 735 3064 tempora,
759 2964 821 3054 ubi
849 2965 1024 3039 Medicina
1048 2969 1132 3040 artis
1156 2970 1299 3044 scienti*

184 3083 297 3156 tiiicae
323 3082 474 3156 ibrmam
497 3079 633 3176 induit,
665 3105 707 3154 ac
737 3079 856 3157 denuo
886 3107 1063 3158 summam
1094 3085 1298 3162 medicami-

183 3225 272 3274 num
295 3197 555 3298 simpiicitatem
578 3199 808 3282 inveniemus.
825 3199 994 3273 remmus
1011 3202 1138 3302 pedem
1155 3203 1203 3282 ad
1217 3233 1299 3308 pro-

182 3315 320 3418 piorem
355 3327 528 3412 aetatem,
560 3328 597 3389 et
631 3315 821 3396 excitemus
847 3317 1005 3392 Tnonnn
1036 3321 1299 3424 Sroaanasmrr,

181 3433 247 3534 qui
270 3431 394 3506 haume
417 3456 604 3534 persuasae
629 3431 716 3530 ibit,
739 3434 823 3507 artis
848 3435 1006 3516 medicae
1030 3463 1199 3540 pompam
1222 3465 1297 3516 non

182 3567 257 3626 tam
280 3551 319 3623 in
344 3547 579 3624 formularum
602 3553 867 3651 concinnitate,
890 3580 998 3655 quam
1022 3557 1060 3631 in
1090 3559 1297 3638 morborum

182 3669 363 3745 curatione
397 3669 505 3742 aaran.
539 3667 737 3745 Salutemus
772 3671 989 3762 Fmpsnrcun
1025 3675 1297 3776 Horrnnnnrn,
1337 3681 1339 3688 '

179 3803 219 3861 et
241 3785 439 3863 ridebimus
463 3785 502 3860 in
525 3791 602 3890 ejus
626 3787 793 3890 operibus
818 3788 921 3889 plura
945 3793 1183 3868 remediorum
1208 3793 1296 3870 sim·

181 3905 345 4008 plicitatis
368 3904 540 3981 laudatae·
556 3909 778 4004 mamona,
804 3909 899 3983 inter
923 3925 1059 3984 caetera
1085 3913 1153 3986 ait:
1180 3949 1197 3982 n
1233 3919 1297 4018 qni

182 4057 200 4092 a
222 4021 487 4124 simplicissimis
512 4023 652 4121 herbis,
675 4023 852 4122 iioseuiis,
886 4039 923 4100 et
957 4025 1132 4102 radicibus
1167 4045 1296 4128 curat,

182 4176 200 4207 a
223 4141 384 4215 omnium
417 4139 615 4214 felicissime
655 4139 827 4216 medetur.
861 4175 879 4210 n
920 4142 1101 4218 Addamus
1142 4145 1295 4248 denique

38 4319 50 4388 ⁸.
181 4257 457 4355 Bomassraurr,
481 4259 722 4356 Sasernarum,
745 4285 786 4335 ac
802 4263 1007 4360 praesertim
1025 4261 1211 4360 listerus,
1233 4267 1294 4368 qui

181 4377 294 4458 missis
311 4375 544 4481 magniloquis
557 4391 596 4454 et
613 4377 809 4484 vaniloquis
827 4379 1009 4475 formeiis,
1030 4393 1144 4468 totum
1159 4409 1199 4458 se
1211 4407 1295 4463 cous
