3264 5194
1219 340 1281 432 141

183 483 266 533 rum
288 460 385 558 juxta
408 453 700 528 intermittentem
724 447 858 542 labrem
882 449 1137 551 decurrebant,
1165 454 1288 530 leniori

183 589 302 650 tamen
326 571 511 674 adparatui
534 567 817 670 autiphlogistico
848 583 885 642 et
912 569 1152 670 diaphoretico
1176 569 1290 648 liben-

184 709 239 770 ter
263 692 509 768 auscultantes.

579 831 684 882 acan
710 829 898 882 sroaanrcr.

231 1043 359 1118 turum
391 1040 781 1142 haemorrhoidarium,
816 1042 874 1148 cui
908 1041 1091 1144 aliquoties
1125 1045 1162 1118 in
1196 1069 1291 1122 anno

183 1162 323 1262 sanguis
347 1185 368 1234 e
392 1161 505 1261 raptis
541 1159 692 1234 vasculis
729 1158 896 1233 varicosis
930 1185 1014 1235 cum
1050 1160 1290 1238 emolumento

182 1281 291 1358 fluere
314 1279 470 1377 solebat,
493 1281 683 1382 improvisa
708 1277 910 1378 adgreditur
939 1281 1064 1356 lotium
1092 1267 1293 1384 expellendi

181 1397 372 1503 daffrcultas
382 1451 397 1489 ,
423 1412 524 1472 antea
550 1423 733 1500 nunquam
756 1421 882 1499 passa,
918 1425 1008 1500 quae
1042 1413 1124 1502 poet
1159 1422 1291 1499 paucos

139 1550 144 1559 ·
183 1519 257 1592 dies
282 1543 365 1591 eum
389 1517 501 1590 crevit
524 1516 562 1589 in
587 1513 754 1611 modum,
778 1529 820 1587 ut
848 1517 1017 1590 continuo
1048 1531 1084 1590 et
1117 1517 1291 1592 molestis-

183 1637 274 1710 simo
290 1633 358 1710 sub
374 1647 533 1708 tenesmo
556 1615 672 1734 neque
697 1631 832 1732 guttula
857 1635 979 1706 urinae
996 1635 1143 1735 exprimi
1163 1649 1289 1734 potue·

183 1754 239 1827 rit.
263 1752 390 1824 Vesica
414 1747 601 1823 catheteris
625 1773 693 1849 ope
718 1750 815 1849 prius
845 1749 914 1822 rite
937 1763 1127 1846 evacuata,
1156 1751 1291 1824 hirudi-

182 1897 245 1946 nes
261 1895 329 1944 ano
346 1867 526 1943 admoveri
550 1857 730 1969 jussimus,
753 1867 980 1968 clysteribus,
997 1869 1159 1944 lomentis
1177 1869 1290 1944 enrol-

183 1987 372 2083 lientibus,
395 1999 501 2086 atque
526 1981 670 2058 emulsis
704 1985 840 2058 nitratis
870 2011 1049 2086 spasmum
1083 1987 1292 2089 sphincteris

183 2104 346 2200 solvere,
373 2117 410 2176 et
433 2102 694 2202 congestionem
718 2103 944 2201 sanguineam
974 2103 1141 2204 dissipare
1165 2105 1292 2180 adnixi.

183 2227 314 2326 Aeger,
347 2223 431 2297 licet
464 2227 536 2324 jam
569 2222 907 2322 quinquagenarium,
935 2221 1165 2325 pluribusque
1199 2249 1293 2299 mor·

185 2343 241 2416 bis
266 2339 470 2437 consectus,
491 2351 575 2442 post
603 2339 727 2439 viginti
757 2339 832 2412 dics
862 2339 1045 2442 pristinam
1074 2341 1294 2442 recuperavit
1348 2353 1351 2358 '

110 2461 113 2470 ’
189 2460 347 2536 salutem.
995 2517 997 2520 .

231 2578 374 2676 Puella,
404 2575 447 2652 16
472 2601 668 2672 annorum,
691 2577 880 2650 menstruis
905 2577 1022 2650 adbuc
1047 2578 1203 2674 desecta,
1228 2577 1289 2653 ba·

170 2697 276 2772 bitus
299 2695 435 2793 floridi,
463 2695 577 2796 prima
612 2693 896 2768 excandescentis
931 2697 1105 2796 cupidinis
1140 2697 1291 2772 sexualic

181 2813 422 2888 blandimenta
445 2836 609 2912 superare
633 2811 768 2910 impos,
792 2809 838 2882 ab
862 2836 956 2884 arum
979 2813 1118 2884 circiter
1141 2813 1290 2886 ananiae

182 2961 220 3008 se
244 2931 351 3006 dedit
376 2929 449 3003 Sub
473 2929 614 3011 initium
636 2927 846 3003 Novembris
862 2927 1142 3002 molestissimam
1161 2955 1287 3004 manus

183 3051 347 3146 dextrae,
378 3073 449 3148 qua
483 3061 646 3147 stuprum
680 3045 837 3146 quotidie
874 3047 1100 3140 'committere
1137 3045 1292 3142 solebat,

182 3167 341 3269 percepit
364 3163 654 3260 instabilitatem,
676 3159 776 3236 nullo
802 3159 992 3248 volmrtatis
1021 3164 1168 3264 imperio
1192 3173 1290 3236 coer·

182 3283 354 3380 cendam,
377 3305 467 3384 quae
491 3293 669 3355 transacto
694 3279 925 3382 nycthemero
947 3281 984 3352 in
1009 3279 1290 3381 gesticulationes

123 3455 128 3464 ·
183 3398 416 3501 degenerabat
439 3399 588 3496 invitas,
621 3397 800 3498 saltusque
837 3398 1076 3473 musculorum
1113 3398 1290 3474 convulsi·

182 3547 267 3616 vos,
290 3517 475 3594 confestim
499 3543 606 3618 super
620 3530 736 3591 totum
752 3515 956 3613 brachium,
973 3529 1009 3590 et
1035 3543 1115 3591 orus
1133 3517 1291 3619 ejusdem

182 3640 299 3715 lateris
324 3637 481 3713 diffusos.
505 3637 699 3712 Praemissa
724 3635 853 3708 blanda
879 3635 1131 3733 alviduotione,
1153 3635 1290 3711 huncce

182 3753 485 3834 Hemiballismum
509 3753 672 3830 remediis
696 3753 870 3848 nervinis,
897 3767 933 3826 ct
966 3753 1058 3849 illis,
1091 3779 1181 3855 quae
1213 3769 1290 3828 ute·

182 3875 249 3947 rini
274 3873 473 3974 systematis
488 3869 728 3948 'eretirismum
754 3895 965 3971 componere
986 3869 1124 3966 valent,
1148 3871 1291 3976 adgredi

183 3991 440 4091 proposuimus.
465 3988 538 4064 Sub
575 4015 641 4062 usu
678 3990 817 4062 interno
858 3987 985 4062 florum
1027 3989 1148 4083 Zinci,
1182 3989 1289 4063 infusi

182 4107 311 4180 herbae
336 4105 508 4180 Millelolii
533 4119 570 4178 et
593 4103 868 4201 Chamomillae,
892 4131 958 4178 nec
990 4129 1062 4179 non
1089 4105 1290 4180 iiiotionum

54 4211 57 4222 ¹
182 4251 264 4298 oum
289 4225 420 4327 Spiritu
445 4225 520 4300 vini
544 4224 795 4324 camphorato,
829 4237 865 4296 et
899 4223 1050 4296 duratura
1076 4223 1158 4323 Opii
1194 4227 1289 4322 juxta

182 4343 370 4416 decursum
394 4341 515 4444 spinae
550 4341 645 4416 dorsi
686 4341 941 4436 institutarum,
982 4337 1098 4439 puella
1140 4339 1211 4412 cito
1253 4355 1290 4414 et

183 4461 334 4563 jucunde
359 4460 561 4561 convaluit,
585 4487 605 4536 a
631 4461 738 4566 turpi·
753 4455 857 4558 litio,
891 4458 987 4561 quod
1018 4455 1141 4562 procul
1178 4455 1287 4534 dubio
