3264 5194
98 505 104 526 .
178 455 268 530 lium
290 465 470 530 exemtum
503 477 579 528 esse
614 477 736 554 posse,
771 451 871 526 facile
906 452 1026 554 liquet
1052 457 1097 531 Id
1121 459 1219 559 quod
1242 339 1292 532 lli

180 576 263 648 anni
288 589 491 674 temporum
514 569 755 646 vicissitudine
790 569 905 668 valet,
939 575 1045 648 ctiam
1070 577 1114 648 de
1141 577 1293 652 climati-

180 717 302 764 camm
337 689 616 766 differentiarum
650 687 805 761 efficacia
838 689 877 760 irr
913 692 1158 768 modificandis
1201 697 1294 768 vitae

180 809 302 884 soranis
326 805 595 911 particularibus
632 804 857 882 sentiendum
886 823 960 906 est,
986 836 1028 884 co
1054 815 1195 886 nonnisi
1221 815 1293 888 <ric

181 928 357 1022 crimine,
392 925 491 1026 quod
523 925 657 1026 priores
690 925 864 1002 dr'ertlreses
895 953 1058 1028 ammes,
1077 934 1296 1033 periodicas,

179 1044 390 1136 chronicas,
415 1046 626 1146 posteriores
651 1061 774 1121 contra
797 1047 971 1123 draaeses
999 1076 1194 1152 perennes,
1208 1045 1296 1154 vrpi-

181 1161 347 1259 choreas,
369 1163 444 1238 sive
465 1167 599 1265 topices
623 1166 844 1264 progignunt
860 1209 911 1222 —
926 1169 1098 1270 Persaepe
1123 1171 1296 1270 ejusmodi

183 1279 356 1354 diatlreses
373 1278 574 1354 clanculum
599 1278 825 1376 delitescunt,
850 1309 892 1355 ac
916 1299 1185 1385 permutantur,
1209 1289 1296 1386 quin

180 1398 219 1474 in
244 1396 450 1472 morbosum
473 1413 708 1500 prorumpant
731 1401 957 1498 incendium,
981 1402 1079 1502 quod
1103 1404 1297 1503 contingit,

181 1517 212 1589 si
236 1513 471 1590 occusionales
505 1517 662 1591 vitentur
693 1543 841 1614 causac,
876 1518 935 1592 vel
960 1519 989 1592 sl
1016 1534 1154 1594 tanturn
1191 1522 1297 1596 luerit

181 1633 274 1708 vitae
299 1631 427 1729 robur,
452 1645 494 1706 ut
516 1631 583 1705 sub
608 1631 762 1707 adversis
787 1647 825 1706 et
853 1635 995 1709 variatis
1024 1637 1294 1710 circums‘taurtiis

181 1751 303 1828 salutis
331 1751 522 1852 integritati
544 1752 805 1826 conservandae
830 1779 895 1854 par
920 1755 1056 1829 evadat
1082 1759 1188 1830 Sceus
1214 1757 1295 1830 lati·

182 1886 263 1946 tans
297 1871 463 1946 diathesis
499 1870 557 1946 vel
590 1871 628 1944 in
662 1871 829 1946 morbum
866 1873 1053 1972 degenerat
1086 1893 1297 1976 cognatum,

182 2018 268 2067 suae
291 1993 423 2092 quippe
444 1989 557 2065 indoli
574 1991 781 2092 analogum,
809 1993 863 2090 rel
879 1993 1004 2068 saltem
1022 1997 1297 2096 aegritudinibus

183 2109 327 2185 aliunde
351 2111 480 2186 exortis
506 2135 610 2183 suurn
636 2111 807 2210 imprimit
831 2113 1069 2186 characterem
1081 2141 1092 2212 3
1116 2141 1224 2216 quum
1248 2116 1297 2190 ob

181 2255 260 2302 reru
283 2253 350 2329 pro
374 2229 473 2303 vario
496 2229 580 2301 anni
600 2242 808 2330 ,temporum
837 2245 931 2304 statu
967 2233 1116 2306 eandem
1153 2261 1297 2307 causam

181 2345 475 2447 prooaturcticarrr
498 2371 602 2446 saepe
626 2344 731 2447 longe
757 2347 914 2422 diversos
944 2349 1087 2434 effectus
1119 2354 1298 2425 concitare

180 2489 311 2565 posse,
335 2490 440 2538 nemo
464 2463 660 2537 mirabitur.

237 2583 351 2656 Missis
376 2581 640 2685 specialioribus
663 2583 965 2685 disquisitionibus
990 2586 1082 2660 circa
1102 2587 1299 2688 periodicas

184 2713 251 2776 aut
274 2713 509 2802 perennantes
534 2701 719 2774 hominum
745 2703 1035 2798 constitutiones,
1059 2704 1195 2804 cyclico
1215 2705 1307 2777 amri.

183 2833 388 2920 temporum
412 2819 583 2914 circuitu,
606 2833 669 2894 aut
692 2819 809 2892 stabili
834 2821 984 2892 climatis
1021 2823 1161 2920 ingenio
1189 2823 1295 2895 indu·

185 2952 282 3030 etas,
305 2935 468 3010 limitabo
491 2935 831 3035 argumentationem
856 2936 902 3009 ad
936 2935 1052 3009 solorn
1087 2952 1299 3012 autumnum

168 3057 225 3124 'ct
248 3049 354 3124 clima
388 3051 522 3147 udum,
555 3047 666 3125 veluti
700 3049 813 3152 spleni
844 3053 1040 3126 eminenter·
1075 3055 1225 3130 inimica.
1249 3097 1301 3114 -

174 3170 277 3244 -Lierr
300 3183 491 3244 autouoma
516 3169 685 3270 dignitate
709 3196 853 3267 carens,
886 3171 1006 3272 hepati
1031 3173 1231 3275 subjectam
1255 3173 1300 3246 si·

185 3289 249 3364 stit
270 3287 466 3368 mtellitenr.
491 3289 661 3391 Princeps
678 3293 753 3392 ejus
772 3315 899 3362 munus
916 3303 987 3363 stat
1002 3291 1040 3364 in
1056 3291 1300 3394 coadjuvando
1342 3323 1345 3328 ·

185 3407 399 3510 cholopotisi.
424 3409 616 3482 Deficiente
641 3413 779 3510 jecore,
807 3407 1026 3510 superfluum
1050 3437 1192 3511 qnoque
1216 3411 1298 3485 red·

168 3528 330 3610 ,deretrrr
346 3529 462 3604 riscus
478 3527 837 3630 supplemerrtarium,
861 3555 927 3602 rrec
953 3527 1067 3604 ullum
1089 3545 1185 3604 extat
1207 3532 1301 3605 inter·

86 3651 106 3730 s
124 3635 138 3686 7
185 3649 397 3746 animantia,
413 3649 511 3751 quod
522 3647 613 3722 liene
628 3649 842 3724 instructum
859 3651 974 3748 foret,
997 3649 1125 3751 hepate
1142 3651 1299 3725 absente.

126 3750 129 3756 ¹
185 3767 336 3868 Insuper
346 3793 523 3841 sumrrram
538 3769 631 3840 inter
647 3782 837 3868 utrumqne
854 3793 1011 3867 organon
1029 3771 1300 3867 gennarritatem

185 3883 315 3983 probat
337 3897 449 3956 status
474 3881 682 3978 morbosus,
706 3885 768 3984 qui
794 3885 853 3958 vix
882 3909 1041 3983 unquam
1064 3885 1102 3957 irr
1128 3883 1301 3960 alterutro

185 4002 320 4075 viscere
357 4001 589 4097 observatur,
622 4000 734 4075 altero
767 4002 929 4080 immuni.
967 4003 1166 4102 Eapropter
1200 4003 1301 4077 radix

185 4119 283 4194 labis·
309 4105 486 4221 splenicae
521 4123 676 4222 cujusvis
712 4120 822 4194 serane
857 4147 997 4221 seraper
1034 4121 1071 4192 irr
1110 4133 1301 4221 systemate

186 4236 432 4339 cholopoetico
456 4235 552 4310 laeso
577 4235 786 4337 quaerenda.

151 4356 152 4362 ’
237 4356 391 4431 Fervore
415 4357 550 4430 aestivo
574 4357 792 4430 [strictionem
819 4357 980 4457 jecinoris
1009 4356 1143 4429 ruirurn¹
1164 4357 1201 4429 irr
1226 4383 1301 4433 nro·

189 4476 276 4554 dum
299 4476 458 4576 intendi,
482 4501 587 4554 uerno
613 4477 830 4558 medicorum
856 4478 1002 4579 ignorat
1029 4477 1175 4577 Sarrgais
1199 4479 1300 4581 prin·
