3264 5194
182 434 311 507 docent
334 431 439 506 elium
463 428 652 504 humidum
675 441 713 501 et
737 425 914 526 palustre,
938 337 1293 532 atmusplraerarnipirl

181 551 388 625 nebulosam
412 548 665 624 feracissimam
689 569 764 618 esse
789 543 1034 621 caclrexiarnm
1058 554 1202 648 cujusve
1220 549 1291 622 sere
1429 551 1434 560 '
1524 529 1527 536 ¹

181 670 315 768 generis
341 667 497 760 fontem,
521 663 744 736 infirmantur
771 658 879 734 dubia
904 687 1028 736 eorum
1052 663 1293 760 medicorum,

181 786 244 887 qui
267 784 401 858 hancce
426 805 570 856 causam
594 777 640 852 ab
675 778 774 852 omni
798 776 903 879 culpa
939 779 977 853 ln
1013 781 1129 890 genesi
1161 781 1290 854 cache·

181 903 257 976 xiae
281 898 496 1000 pellagrosae
520 897 716 971 immunem
740 920 817 968 esse
851 893 985 970 volunt
1017 897 1092 972 Nec
1123 897 1292 972 reluctari

182 1019 322 1093 videtur
345 1014 536 1090 adsertioni
560 1027 701 1087 nostrae
724 1011 922 1090 dominium
946 1011 1122 1114 pellagrue
1144 1016 1181 1088 in
1199 1017 1293 1115 apri·

181 1137 231 1208 cis
257 1132 405 1210 collibus
421 1133 632 1229 Briantinis,
647 1133 687 1206 in
702 1145 864 1211 montosa
877 1133 1058 1232 provincia
1074 1133 1295 1230 Bellnncnsi,

180 1252 366 1348 Brixiana,
389 1250 616 1350 Bergomemi
651 1262 688 1324 et
722 1249 897 1322 Comensi.
932 1249 1098 1350 inprimis
1134 1251 1201 1324 hae
1236 1277 1293 1324 re··

180 1371 321 1470 gionea,
345 1369 506 1468 quamvis
531 1366 716 1464 elatiores,
740 1367 901 1466 aequoris
925 1367 1086 1444 nebulosi
1103 1383 1139 1444 et
1162 1369 1292 1444 roscidi

179 1488 218 1561 in
241 1485 455 1586 limitroplris
480 1483 590 1585 plagis
615 1484 795 1580 extricati,
819 1483 997 1584 peredeo
1021 1499 1157 1561 vastam
1177 1501 1295 1560 exten·

182 1605 320 1680 sionem
344 1601 485 1697 diffusi,
508 1627 550 1678 ac
581 1601 696 1676 ventis
726 1625 894 1702 persaepe
924 1604 1093 1678 commoti
1122 1603 1296 1681 influxurn

182 1749 255 1798 non
279 1735 429 1823 possunt
452 1746 525 1798 non
550 1719 719 1820 experiri,
735 1719 888 1822 denique
904 1719 1151 1796 humiditatem
1176 1749 1293 1824 neque

183 1842 344 1938 unicam,
367 1865 484 1940 neque
507 1836 739 1940 principalem
762 1863 905 1910 causam
935 1863 1011 1912 esse
1036 1839 1207 1936 delenda,
1232 1837 1295 1914 sad

182 1972 327 2034 eatenus
351 1955 468 2033 solum
489 1955 539 2034 ,ud
561 1951 734 2056 pellagrae
759 1969 878 2029 ortum
908 1981 1117 2032 concurrere
1145 1957 1297 2058 opinor,

182 2093 354 2180 quatenus
389 2101 593 2178 processum
623 2074 811 2175 plasticam
853 2075 1039 2174 organisnri
1074 2074 1220 2148 humani
1254 2060 1294 2149 in

182 2193 351 2294 qualitate
375 2193 566 2295 pervertit,
590 2217 797 2293 compagem
821 2189 1014 2265 solidorum
1031 2187 1127 2266 laxat
1142 2206 1178 2266 et
1201 2192 1293 2268 mol·

182 2311 246 2410 lit,
271 2311 380 2386 robur
404 2312 497 2385 vitae
521 2307 685 2407 hebetat,
715 2323 821 2409 atque
849 2309 985 2410 potiora
1018 2309 1297 2412 reproductionis

186 2430 369 2529 organicae
393 2428 647 2524 instrumenta,
670 2426 724 2506 uti
758 2441 897 2524 cutem,
928 2427 1081 2502 fistulam
1113 2427 1306 2506 alimenta«

189 2575 280 2646 rem,
304 2550 438 2624 viscera
463 2553 539 2650 ejus
569 2547 848 2643 succenturiata,
884 2561 989 2650 atque
1024 2563 1180 2651 systema
1203 2549 1297 2652 lyrn-

186 2667 370 2768 phaticum
392 2666 431 2740 in
455 2667 527 2740 suis
551 2667 722 2766 pervertit
745 2665 960 2740 muneribus.
985 2667 1099 2740 llanc.
1115 2666 1163 2742 ob
1189 2669 1297 2744 ratio·
1356 2697 1363 2710 ’

184 2813 266 2859 nem
291 2811 358 2860 nec
382 2783 558 2865 diatlraain
583 2781 734 2859 febrium
770 2783 1102 2878 intermittendum,
1137 2809 1204 2880 nec
1241 2786 1296 2864 vi·

184 2931 324 2978 scarum
348 2903 576 3004 emphraxes,
591 2916 759 2978 monente
775 2905 973 3001 Srrrnno,
989 2929 1055 2977 ceu
1071 2905 1297 2984 remotiorem

182 3045 394 3094 concausam
419 3015 605 3093 excludere
629 3018 768 3095 vellem.

233 3135 380 3214 infirmo
403 3161 548 3236 prorsus
573 3133 646 3211 talc
670 3137 830 3212 insistere
860 3133 1025 3214 videntur
1054 3137 1235 3214 ratiocinia
1260 3131 1301 3216 et

185 3251 369 3329 corollaria
393 3279 518 3327 eorum
552 3252 792 3352 Medicorum,
825 3256 887 3358 qui
922 3258 1036 3331 victus
1068 3257 1303 3356 pravitatem,

187 3384 223 3443 et
247 3369 431 3471 speciatim
468 3395 572 3444 usum
591 3370 758 3473 polentae
781 3386 818 3446 et
835 3377 943 3475 partis
954 3427 969 3466 ,
985 3399 1005 3446 e
1014 3371 1145 3474 surina
1165 3400 1297 3472 gruno-

182 3519 263 3565 nrm
287 3490 380 3566 Zeae
404 3490 518 3593 Mass
542 3489 695 3594 confracti
706 3545 720 3583 ‚
754 3519 820 3567 ceu
856 3493 1090 3569 universalem
1123 3494 1298 3596 pellagrae

183 3641 326 3690 oausam
350 3613 580 3715 proclamant.
604 3657 656 3684 .-
680 3615 749 3688 Zea
777 3615 901 3716 Mays,
927 3641 1082 3691 unacum
1112 3617 1306 3691 Nicotiana·

185 3735 349 3832 Tabaco,
373 3733 519 3834 aliisque
543 3733 673 3835 plantis
690 3733 836 3808 utilibus
853 3736 958 3808 Anno
981 3735 1071 3834 1493
1096 3761 1160 3836 per
1187 3735 1295 3808 Caur-

184 3875 393 3926 sroarronuu
419 3853 617 3924 Corunuun
642 3877 685 3924 ex
710 3851 838 3924 Insulis
863 3851 983 3925 Indiae
1008 3851 1234 3928 occidentalis
1259 3855 1297 3927 in

184 3967 391 4068 Hispaniam
415 3967 483 4042 luit
506 3970 646 4042 invecta
671 3969 819 4060 (Blucn
835 3968 1023 4042 Historiad
1041 3970 1068 4041 l.
1088 3971 1135 4062 ad
1147 3973 1167 4062 ).
1185 3969 1298 4044 Paulo

183 4102 266 4186 post
289 4113 310 4160 e
335 4111 430 4162 novo
453 4086 540 4160 orba
569 4087 607 4160 in
642 4088 675 4159 S.
711 4086 871 4162 Thomas
906 4085 1079 4185 insulam,
1112 4086 1196 4160 inde
1232 4113 1299 4188 per

182 4207 371 4281 Lusitanos
395 4206 434 4279 in
458 4203 598 4279 Indiam
622 4203 857 4300 orientalem,
879 4205 990 4280 serius
1014 4206 1052 4278 in
1074 4196 1297 4306 Aegyptum,

182 4322 301 4396 Asiam
326 4323 521 4419 minorem,
546 4320 688 4398 tandenr
715 4321 782 4396 hac
807 4323 864 4396 via
889 4323 927 4396 in
952 4319 1112 4420 Italiam,
1141 4349 1183 4396 ac
1214 4323 1296 4399 reli·

183 4469 292 4542 quarn
315 4443 498 4546 Europam
521 4439 625 4518 celeri
651 4467 756 4544 passu
773 4439 990 4543 divulgatam
1014 4439 1120 4516 luisse
1137 4455 1296 4543 constat,
