3228 5166
253 455 255 460 ·
324 411 543 485 medicorum
566 407 710 509 peritiae
734 405 907 484 committi
931 402 1043 500 solct3
1066 405 1119 478 uti
1136 415 1252 480 essent
1268 401 1428 476 machina

324 529 506 624 electrica,
530 526 695 602 columna
719 523 868 618 Voltus,
884 549 968 596 acus
984 537 1021 596 et
1036 521 1202 622 scapulae
1218 517 1429 613 metallicae,

322 643 465 720 Perkini
477 645 523 717 ad
535 657 692 718 mentem
708 641 950 742 usurpandae,
966 665 1046 715 arca
1063 638 1298 738 fumigaton'a,
1313 637 1431 710 modia

323 764 507 840 sumendi
532 761 740 855 delirantes,
763 759 949 834 machinae
973 783 1039 859 pro
1070 755 1294 832 sublevandis
1319 755 1430 854 aegris

322 883 517 978 debilibus,
542 896 607 955 etc.
631 923 683 938 -
705 880 825 952 Prima
849 877 954 979 hujus
979 872 1205 976 supellectilis
1230 871 1429 946 rudimenta

322 1003 468 1104 quidem
505 1007 576 1103 jam
606 1000 808 1100 posuimus3
842 996 1046 1070 ulteriorem
1076 993 1428 1094 amplificationem

321 1120 480 1194 benefico
505 1119 684 1218 Regimine
709 1129 952 1216 expectamus,
976 1114 1132 1186 Institnti
1150 1113 1235 1186 nori
1256 1123 1428 1184 rabonem

322 1251 360 1313 et
383 1263 531 1338 scopum
555 1261 710 1310 unacum
733 1231 951 1333 singulorum
980 1229 1275 1306 adminiculorum
1299 1228 1429 1304 descri-

323 1358 444 1461 ptione
469 1371 506 1429 et
529 1381 596 1428 usu
620 1379 686 1428 suo
711 1367 870 1453 ternpore
893 1349 1027 1454 publici
1051 1352 1135 1454 juris
1161 1348 1296 1424 facturi.

371 1473 486 1574 Aegro
520 1472 679 1568 cunctis,
713 1496 803 1570 quae
834 1485 1000 1574 prompta
1034 1482 1072 1542 et
1103 1483 1178 1542 tnta
1202 1465 1339 1541 medela
1364 1492 1432 1568 po-

322 1591 451 1684 stulat,
474 1589 656 1665 clernentis
681 1589 877 1682 instructo,
912 1585 959 1660 ad
989 1584 1153 1658 ultiumm
1184 1581 1431 1660 descendimus

323 1709 479 1784 cilicium
501 1707 686 1802 clinicum,
711 1704 844 1778 scilicet
859 1703 906 1778 ad
920 1701 1190 1801 cccmussumri
1200 1703 1432 1802 praesagium.

321 1825 538 1902 Discutrmus
554 1823 691 1924 singula
708 1835 887 1897 momenta
900 1877 910 1917 ‚
925 1847 1016 1921 quae
1034 1817 1156 1893 salutis
1172 1817 1433 1920 recuperandae

323 1967 423 2044 spem
455 1940 548 2018 alere
584 1943 731 2036 sinunt,
767 1939 827 2015 rel
863 1952 985 2013 contra
1020 1937 1149 2011 funesti
1184 1933 1296 2010 exitus
1333 1949 1431 2010 metu

323 2073 465 2136 terrent
488 2063 615 2136 Evicta
639 2060 831 2136 sanationis
866 2056 1120 2159 possibilitate,
1155 2055 1303 2157 gradum
1327 2081 1431 2130 vero·

273 2193 277 2205 '
323 2179 561 2254 similitudinis
591 2185 784 2278 majorem,
813 2177 1032 2252 minoremve
1067 2174 1239 2250 indicasse
1277 2173 1433 2271 suflicit,
1500 2265 1506 2280 '

323 2323 407 2372 cum
430 2295 605 2369 certitudo
629 2295 696 2368 vix·
721 2317 879 2396 unquam
913 2291 1092 2366 habeatur.
1126 2293 1343 2393 Argumenta
1368 2291 1432 2366 de·

323 2427 535 2516 promuntur
559 2413 604 2486 ab
629 2412 750 2512 organi
775 2410 902 2485 adlecti
927 2410 1115 2510 dignitates
1139 2439 1160 2485 a
1185 2411 1300 2485 morbi
1314 2411 1432 2484 'velae-

323 2531 479 2626 menna,
504 2531 723 2625 extensione,
747 2529 955 2604 decurrendi
977 2531 1132 2624 ratione,
1148 2517 1262 2631 ‘atque
1286 2543 1434 2626 natum

324 2675 345 2724 a
368 2649 516 2750 subjecti
541 2649 750 2748 aegrotmrtis
767 2649 1015 2722 constitutione
1033 2661 1069 2722 et
1084 2667 1269 2722 causarum
1284 2647 1434 2722 allicien-

324 2771 416 2844 tium
438 2769 578 2866 indole3
602 2767 647 2841 ab
672 2767 866 2869 epidemiae
889 2767 1102 2843 dominantis
1127 2771 1288 2869 ingenius
1312 2796 1332 2842 a
1355 2795 1430 2842 me·

323 2887 432 2964 dendi
455 2887 624 2964 metlrodo
648 2889 745 2989 prius
770 2885 949 2982 adhibita„
974 2911 1148 2986 congrua,
1172 2885 1350 2986 neglecta,
1373 2883 1432 2960 rel

322 3003 429 3108 plane
453 3027 642 3106 perversa3
664 3029 732 3078 nec
755 3027 830 3078 non
854 3027 875 3076 a
894 3003 1105 3103 quibusdam
1120 3005 1226 3104 siguis
1243 3004 1431 3105 empiricis.

373 3125 417 3197 ln
440 3121 565 3223 quovis
591 3144 673 3195 casu
698 3121 836 3221 potiora
861 3123 1059 3196 enumerari
1083 3121 1201 3196 solent
1220 3121 1433 3222 posthuma,

322 3243 362 3320 ln
386 3264 476 3339 quae
501 3239 731 3311 determinata
756 3238 871 3312 morbi
900 3239 1034 3340 species
1069 3237 1127 3313 vel
1150 3265 1194 3314 ex
1217 3265 1281 3312 sua
1306 3253 1432 3312 natura

323 3354 468 3451 nititur,
501 3354 559 3428 rel
586 3356 929 3432 circumstantiarum
962 3357 1160 3432 lateralium
1196 3383 1302 3433 causa
1336 3357 1433 3432 abire

323 3485 466 3576 posset,
500 3497 574 3546 non
608 3473 744 3546 omissis
779 3472 866 3548 lethi
899 3475 1032 3550 modis·
1049 3477 1358 3552 commumonbuu
1382 3517 1433 3534 ·-

322 3591 399 3669 tJbi
422 3592 467 3667 de
491 3591 605 3666 febrili
622 3594 736 3690 agitur
750 3593 900 3691 morbo,
923 3595 1177 3696 discipulorum
1193 3585 1434 3674 adtentionem

322 3712 483 3813 inprimis
508 3709 553 3785 ad
576 3707 768 3784 ‘molimina
798 3725 835 3786 et
862 3713 1106 3814 phaenomena
1137 3716 1259 3790 critica
1284 3741 1431 3790 conver·

322 3832 430 3904 timns
442 3885 453 3925 ‚
466 3842 509 3903 ut
524 3855 649 3904 verum
665 3831 861 3928 argumenti
879 3831 1035 3907 valorem
1051 3857 1281 3934 cognoscere,
1297 3859 1435 3914 omnes·

321 3973 391 4051 qne
415 3948 714 4044 circumstantias,
738 3973 830 4050 qnae
854 3949 1025 4046 salutem,
1051 3967 1302 4028 ,ant'mortem
1326 3953 1434 4029 indu·

321 4091 401 4140 cere
424 4079 593 4166 possent,
616 4070 707 4166 juste
730 4069 847 4144 metiri
869 4068 1063 4146 addiscant
1089 4071 1126 4146 Si
1143 4097 1265 4172 aegros
1281 4070 1433 4148 febrien-

321 4200 396 4282 tes,
420 4186 552 4286 jamin
576 4183 697 4258 lirnirre
720 4186 940 4296 *Acherontis
971 4192 1208 4288 constitutos,
1234 4192 1368 4293 ruptim
1391 4211 1452 4265 ac*

321 4304 510 4403 improviso
550 4300 674 4376 salutis
702 4303 807 4379 viam·
829 4307 964 4406 ingredi
1005 4307 1203 4405 ridemus,
1244 4308 1433 4384 candidam

323 4437 509 4522 nunquam
547 4421 857 4522 praeteruntumus
899 4425 1179 4528 consessionem,
1210 4426 1431 4530 triumphum
