3264 5194
309 359 437 455 ΛΟ.

329 477 567 579 propinamus.
593 475 778 556 Ordinaria
805 476 948 579 quidem
972 473 1066 552 dosis
1100 501 1187 561 esse.¹
1208 472 1303 551 solet
1320 471 1440 549 Uncia

329 593 474 668 dimidia
499 595 536 668 in
562 595 585 669 8
612 609 727 696 partes
752 595 885 692 divisa,
908 595 1133 696 pertinaciori
1155 581 1337 670 tamenin
1353 617 1441 664 casu

329 712 502 810 integram
527 716 669 788 ariciam
685 715 819 788 Chinae
844 741 926 787 curn
951 712 1105 814 pulveris
1132 711 1347 803 Gentianae,
1371 710 1440 781 Ca-

329 825 412 900 lami
438 845 583 904 aromat
606 845 643 904 et
664 829 751 904 Salia
776 831 985 906 ammoniaci
998 841 1038 902 ῑῖ
1055 827 1225 902 drachma
1249 827 1352 900 semis
1375 849 1439 897 co-

329 945 503 1046 pulamus.
537 989 588 1006 -·
622 949 790 1050 Hydrops
828 947 1052 1048 catholicus,
1084 946 1246 1022 recidivis
1281 943 1440 1018 febribus

329 1063 640 1138 intermittentibus
674 1066 861 1162 inductus,
884 1067 1038 1140 infausto
1062 1066 1182 1140 omine
1211 1063 1349 1139 lethum
1377 1087 1441 1162 pa·

329 1183 423 1256 ravit
446 1184 577 1259 rustico
602 1186 924 1287 quinquagenario,
952 1185 1050 1260 omni
1081 1185 1164 1258 artis
1199 1195 1330 1257 conatu
1364 1207 1441 1255 non

330 1299 572 1374 avertendum.

381 1415 691 1506 Quemadmodum
714 1417 752 1492 in
776 1417 931 1493 maribus
956 1417 1070 1492 febres
1086 1431 1277 1518 quartanae
1301 1415 1440 1490 diutur-

216 1535 219 1541 ’
329 1559 417 1630 nae,
441 1549 478 1609 et
501 1537 676 1614 viscerum
699 1538 778 1613 labe
803 1541 954 1614 sociatae
970 1535 1315 1640 hypochondriucam
1331 1538 1440 1610 susci·

330 1663 408 1724 tant
427 1657 628 1751 passionem
636 1684 651 1746 ,·
675 1656 724 1728 ita
740 1657 778 1729 iu
795 1649 933 1729 feminis
949 1654 1046 1728 haud
1061 1653 1298 1753 infrequentes
1314 1651 1441 1726 eodem

330 1793 375 1841 cx
409 1768 506 1842 fonte
539 1767 732 1871 hystoricae
765 1770 886 1848 narbas
919 1773 1088 1845 scaturire
1126 1771 1287 1844 vidimus.
1328 1771 1440 1842 Rarae

328 1887 521 1960 universim
545 1891 582 1962 in
607 1905 729 1966 nostro
753 1918 836 1992 agro
860 1905 944 1966 sunt
968 1917 1068 1964 casus
1094 1889 1244 1963 febrium
1268 1889 1441 1962 intermit-

330 2003 482 2076 tentium
505 2007 783 2104 autumnalium,
808 2035 898 2110 quae
923 2023 1064 2082 uterum
1087 2010 1126 2080 iu
1157 2009 1228 2080 suis
1260 2033 1334 2081 non
1357 2033 1439 2106 per-

330 2123 513 2200 turbarent
528 2130 678 2224 muniis,
694 2143 731 2202 et
754 2130 822 2202 nisi
838 2130 996 2229 graviora
1026 2127 1140 2225 mala,
1167 2127 1293 2201 saltem
1315 2152 1441 2200 meno·
1517 2109 1523 2116 ⁶

330 2243 473 2315 stasiam
503 2257 540 2318 et
575 2243 735 2319 habitum
776 2245 1076 2324 subchloroticum
1113 2270 1186 2319 non
1222 2243 1440 2318 inducerent

330 2357 505 2434 Diathesis
530 2359 681 2458 febrilis,
705 2387 795 2463 quae
819 2388 921 2438 suam
944 2361 1066 2436 sedem
1089 2359 1127 2434 in
1143 2373 1333 2462 systemate
1357 2385 1435 2433 ner-

331 2477 642 2580 veosplanchuico
655 2483 825 2581 agnoscit,
835 2481 1040 2576 nar’ificxhv
1051 2479 1193 2582 quidem
1207 2481 1439 2552 instrumenta

330 2597 541 2697 digerentia,
566 2614 602 2674 et
626 2598 873 2675 adsirnilationi
908 2599 1022 2674 dicata
1056 2596 1259 2698 adgreditur
1293 2612 1330 2670 et
1358 2595 1441 2670 sub-

331 2716 422 2810 ruit,
446 2729 501 2789 ast
524 2717 562 2789 in
586 2742 671 2791 sexu
695 2718 848 2818 sequiori
872 2743 939 2792 nec
955 2731 1057 2792 utero
1073 2717 1208 2819 parcit,
1224 2718 1324 2816 cujus
1341 2727 1439 2787 tanta

331 2846 386 2906 est
408 2833 447 2907 iu
470 2833 642 2910 servanda
665 2835 863 2935 integritate
887 2837 1001 2932 vitae,
1035 2849 1071 2910 et
1104 2833 1225 2909 salutis
1259 2831 1440 2908 mubebris

333 2953 494 3053 dignitas.
518 2957 638 3030 Etiam
661 2957 700 3030 in
724 2955 897 3058 ejusmodi
932 2953 1070 3030 casibus
1104 2982 1189 3032 cura
1223 2951 1441 3029 solventibus

331 3085 387 3145 est
409 3073 599 3168 ordienda,
634 3088 672 3148 et
704 3077 835 3150 cortice
871 3076 1089 3177 peruriano,
1128 3072 1187 3148 vel
1222 3069 1441 3146 martialibus

331 3190 544 3265 coronanda.
568 3189 669 3283 Quae
693 3193 856 3292 practicis
882 3219 1093 3294 emenagoga
1128 3203 1301 3267 vocantur
1324 3211 1439 3264 reme·
1507 3178 1517 3298 J

331 3305 414 3402 dia,
437 3332 588 3407 cumque
612 3310 651 3381 in
676 3310 783 3384 finem
813 3313 993 3412 propinari
1027 3311 1162 3407 solent,
1191 3324 1232 3384 ut
1255 3333 1440 3410 suppressa

331 3438 583 3500 revocarentur
606 3428 823 3524 calamonis,
840 3431 916 3502 sine
934 3428 1048 3502 fructu
1068 3425 1315 3519 tentabuntur,
1330 3426 1441 3498 immo

332 3563 438 3639 saepe
472 3540 615 3616 evidens
649 3543 825 3642 parabunt
869 3543 1010 3618 damna.
1051 3543 1216 3617 Extincto
1268 3544 1297 3614 si
1335 3540 1440 3614 fuerit

332 3653 498 3730 diathesis
524 3655 675 3753 febrilis,
699 3659 957 3759 pristinumque
975 3657 1083 3734 robur
1099 3658 1281 3761 systemati
1297 3681 1441 3730 nerveo-

332 3771 499 3871 gangliari
534 3772 744 3850 redonatum
771 3829 782 3872 ,
821 3777 1000 3849 uterinum
1041 3802 1169 3850 munus
1206 3801 1270 3848 sua
1310 3772 1440 3846 redibit

331 3903 479 3990 sponte,
504 3914 696 3992 omnesque
721 3891 951 3993 disparebunt
974 3893 1099 3968 turbae
1123 3893 1331 3994 hystericae.

382 4005 554 4084 Febribus
585 4009 897 4086 intermittentibus
926 4009 995 4086 suh
1032 4013 1144 4086 'finem
1185 4013 1315 4086 mensis
1355 4009 1448 4084 ortis-

332 4129 406 4226 jam
439 4125 622 4200 manifesta
660 4127 819 4202 adhaesit
852 4130 979 4206 macla
1015 4129 1285 4226 testamentoria
1295 4181 1310 4220 ,
1346 4126 1440 4202 unde

333 4269 456 4316 eorum
481 4241 649 4318 decursus
684 4245 730 4320 ad
762 4243 1016 4323 subcontinuas
1049 4247 1251 4323 inclinabat
1287 4250 1330 4320 ln
1366 4245 1441 4318 aliis

333 4359 481 4460 simplex
505 4359 573 4436 fuit
597 4361 856 4462 angiosthenia,
880 4363 1038 4467 abomni
1054 4351 1259 4440 labe‘locali
1285 4361 1450 4457 delecta,

333 4477 370 4550 in
395 4476 471 4558 aliis
496 4479 707 4556 catarrhalee
731 4481 942 4558 irritationes
967 4483 1145 4581 faucium,
1169 4480 1225 4566 vel
1250 4479 1440 4556 brouchio-
