3264 5194
1259 259 1328 391 ἠς

428 523 693 642 curor
748 479 1126 648 rennuit.

575 807 974 884 EPHEMERIDES

452 1061 589 1142 ANNI
623 1065 836 1140 CLINICl
882 1070 1103 1171 1817-1818.
1232 1143 1235 1150 .

633 1325 928 1366 m

115 1733 118 1739 ,
273 1605 525 1768 Muciorum
550 1693 716 1794 tyrones,
740 1692 948 1768 scholarum
971 1691 1266 1768 theorecticamru
1293 1689 1333 1769 li·

101 1799 107 1808 ’
223 1814 318 1886 minu
343 1814 403 1888 vix
427 1813 570 1911 egressi,
593 1811 729 1885 nullam
757 1811 917 1912 profecto
945 1837 966 1884 c
997 1809 1131 1884 clinicis
1160 1809 1333 1884 exercitiis

223 1955 348 2029 capere
372 1931 514 2030 quirent
537 1928 746 2023 utilitatem,
769 1929 837 2000 nisi
871 1928 973 2029 ptius
1005 1926 1156 2028 praeviis
1190 1925 1329 1999 imbue·

224 2060 346 2119 rentur
370 2045 650 2146 cognitionibus,
683 2071 774 2146 quae
808 2059 942 2119 rectam
982 2042 1188 2118 morborum
1225 2067 1333 2144 penes

224 2163 333 2268 lectos
358 2161 659 2258 observationem,
682 2161 819 2264 aliaque
843 2160 1035 2236 multifaria
1068 2161 1197 2236 medici
1230 2185 1333 2262 precs

225 2282 285 2352 tici
310 2280 423 2354 officia
449 2281 650 2381 respiciunt
676 2280 757 2372 Qua
781 2277 826 2358 de
848 2305 887 2354 re
904 2303 968 2379 per
990 2303 1121 2374 unam,
1143 2277 1334 2352 alteramve

224 2397 484 2473 hebdomadam
507 2395 760 2497 Prolegomcna
789 2421 935 2497 praxeos
969 2395 1126 2470 medicae
1162 2395 1336 2469 eCatlre·

224 2515 287 2587 dra
322 2515 528 2606 traduntur,
557 2529 747 2615 antequam
770 2514 935 2592 studiosis
965 2514 1003 2588 in
1033 2539 1177 2594 arenam
1207 2512 1333 2588 Palae·

60 2629 65 2636 ’
225 2645 319 2704 strae
361 2631 517 2706 Clinioae
552 2631 765 2706 descendere
806 2629 1032 2712 concedatur.
1052 2633 1112 2710 Ειι
1140 2632 1337 2728 ιιιιιιιιιιιι,

225 2775 290 2822 cur
325 2775 439 2822 annus
470 2747 618 2822 clinicus
654 2774 749 2823 enno
778 2747 989 2830 scholastico
1022 2773 1162 2848 semper
1191 2747 1333 2822 brevior

203 2870 292 2963 ¹sit,
315 2869 438 2967 primis
462 2867 594 2968 quippe
618 2866 789 2940 inchoans
804 2865 935 2938 mensis
954 2861 1164 2940 Novembris
1189 2864 1335 2962 diebus,

225 2999 332 3084 atque
371 2973 520 3058 exeunte
554 3009 676 3056 mense
711 2981 807 3060 tutio
841 2983 1024 3076 finiturus,
1063 3007 1176 3083 quum
1209 2979 1334 3056 ultima

226 3100 318 3202 cycli
342 3099 552 3196 academici,
577 3099 623 3174 ad
646 3123 806 3172 mensem
828 3099 1027 3197 Augmtum
1051 3099 1236 3199 protracti,
1259 3123 1335 3173 mo·

225 3232 345 3292 menta
369 3219 407 3291 in
432 3215 649 3290 examinibus
674 3215 915 3294 terminalibus
938 3215 1098 3290 consumi
1123 3213 1284 3290 debeant

131 3335 150 3406 ζ
274 3338 330 3411 Eo
354 3361 496 3436 semper
517 3334 755 3435 impendimus
771 3333 930 3410 studium
951 3359 1078 3431 omne,
1098 3347 1140 3410 ut
1156 3333 1337 3416 sufficiens·

225 3481 411 3555 aegrorum
444 3479 613 3528 numerus
648 3468 788 3530 vastum
822 3479 988 3555 campum
1017 3453 1274 3550 observationi,
1297 3467 1334 3528 et

225 3575 414 3648 eruditioni
437 3572 626 3674 praebeat,
640 3614 691 3630 —-
706 3587 748 3648 ut
771 3599 814 3648 ex
830 3573 995 3654 omnibus
1017 3573 1224 3648 morborum
1248 3571 1334 3646 clas-

224 3691 320 3766 sibus
344 3692 498 3793 potiores
523 3688 671 3788 saltem,
694 3691 1022 3791 communioresque
1051 3689 1184 3791 species
1213 3715 1334 3765 occur·

225 3824 327 3905 rant,
351 3851 402 3872 -ι
425 3807 523 3884 nulle
557 3835 643 3885 vero
678 3835 837 3911 unquam
880 3809 1046 3886 deficiant
1075 3807 1334 3909 aegritudinum

223 3927 449 4029 popularium
473 3926 752 4029 exempleria,e
782 3927 911 4028 quibus
939 3927 1230 4002 constitutionem
1258 3927 1334 4028 epi-

223 4044 397 4120 demicam
414 4071 626 4148 perennem,
643 4047 937 4144 anniversariam,
952 4045 1010 4120 vel
1030 4045 1236 4148 ephemeras
1258 4049 1334 4146 ejus

223 4165 434 4238 variationes
459 4162 664 4262 desumere,
694 4178 799 4265 aupre
834 4187 1053 4264 cognoscere.
1091 4163 1140 4236 Et
1173 4159 1334 4264 proiectu
1383 4179 1385 4184 '

223 4281 314 4356 laeta
339 4283 408 4356 tuit
430 4284 552 4356 messis
578 4283 661 4356 antri
687 4281 832 4380 clinici,
854 4289 955 4385 cujus
980 4283 1050 4358 luta
1079 4280 1187 4360 modo
1211 4305 1334 4354 sumus

223 4406 419 4500 narraturi,
442 4419 483 4478 ut
507 4431 551 4478 ex
574 4404 711 4480 adnexo
735 4405 851 4484 indice
874 4403 988 4506 colligi
1013 4417 1139 4508 potest
1156 4403 1188 4478 E
1205 4401 1334 4484 ducen-

274 4521 462 4598 Hrtmsen.
488 4521 585 4598 Aren.
612 4519 762 4598 ctat.
1109 4545 1136 4620 9
