3264 5194
322 329 391 402 116
1133 391 1140 406 .

313 431 519 545 sphaeram,
548 469 657 547 quam
685 441 1073 545 organico-plasticam,
1105 467 1167 514 reu
1192 437 1427 538 vegetativam

312 587 490 636 vocamus.
507 562 600 636 Hine
616 561 796 664 squalidus
824 559 906 657 ille,
931 561 1059 657 tristis,
1083 583 1125 632 ao
1141 555 1310 630 sollicitus
1327 552 1427 626 habi·

310 693 369 754 ms
393 679 645 780 agrioolarum,
673 681 736 781 qui
771 677 859 752 udas
890 691 927 752 et
956 677 1107 750 devexas
1137 674 1210 774 agri
1244 669 1427 772 Pupiensis

310 797 468 896 regiones
502 795 690 894 incolunt,
725 795 874 899 perinde
909 795 1010 897 quasi
1045 817 1159 895 nuper
1182 817 1203 864 e
1228 787 1426 891 Trophonii

309 943 418 1019 specu
443 917 593 993 luissent
626 919 777 1016 reversi,
811 917 896 991 hino
920 929 1054 990 statura
1078 938 1212 1015 parva,
1236 911 1341 984 heles
1365 921 1425 982 tu·

273 1031 443 1118 pmidula
452 1086 467 1124 ‚
491 1033 643 1136 pallide,
668 1032 885 1131 ohlorotioa,
909 1045 971 1106 aut
994 1029 1147 1126 ssedda,
1170 1025 1330 1104 membra
1346 1026 1425 1098 stri·

309 1175 413 1250 gosa,
443 1153 533 1224 cutis
564 1177 710 1252 aspera,
741 1149 865 1247 lesda,
888 1175 1037 1250 rugosa,
1060 1149 1199 1221 senium
1222 1157 1423 1248 praematu-

308 1295 390 1344 rum
404 1323 414 1367 ,
429 1267 644 1370 longaevitas
660 1295 761 1367 rara,
777 1269 861 1342 hine
878 1269 1089 1342 feminarum
1106 1265 1301 1340 catamenia
1316 1288 1423 1366 parce

309 1399 347 1461 et
369 1385 590 1484 inordinata,
613 1385 757 1460 abortus
782 1385 1003 1487 frequentes,
1037 1382 1310 1478 leuoorrhoeae,
1332 1381 1423 1454 uteri

309 1516 347 1576 et
361 1503 508 1604 vaginas
523 1499 728 1604 prolapsus,
751 1503 911 1578 virorum
927 1501 1091 1598 herniae,
1114 1495 1424 1594 haemorrhoides,

309 1619 417 1694 tibiae
447 1619 687 1720 exulceratae,
716 1621 801 1700 hino
833 1620 981 1700 demum
1009 1617 1186 1694 malorum
1216 1616 1316 1716 ilias,
1346 1640 1423 1688 em·

308 1735 460 1836 phrases
494 1736 632 1840 hepatis
668 1751 705 1813 et
737 1736 867 1835 lienis,
903 1735 1136 1833 diarrhoeae,
1174 1733 1424 1837 dysenteriae,

146 1847 153 1862 '
308 1853 515 1952 acorbutus,
538 1854 723 1959 hydrops,
747 1854 865 1954 tabes,
881 1881 923 1929 ao
938 1853 1134 1956 pellagrosa
1148 1849 1247 1949 lues,
1270 1875 1424 1954 quorum

309 1975 494 2073 omnium,
518 1989 581 2054 aut
612 1991 650 2051 et
681 1975 900 2077 singulorum
933 1976 1031 2074 origo
1061 1975 1145 2072 uui,
1171 1986 1213 2046 ut
1239 1977 1312 2074 jam
1336 1967 1426 2047 diri·

279 2123 283 2134 ’
308 2117 410 2191 rnna,
443 2119 568 2168 oausae
591 2119 780 2196 perperam
803 2091 1080 2188 adsoriberstur,
1104 2118 1125 2166 e
1147 2087 1308 2193 pluribus
1332 2113 1424 2164 non·

308 2211 378 2284 nisi
418 2212 533 2286 noxiis
574 2237 645 2285 una
687 2207 1009 2308 oeneurrentihns,
1049 2211 1088 2284 iu
1133 2206 1274 2282 miseria
1313 2203 1425 2284 veluti

309 2327 430 2401 locum
471 2326 761 2428 agnoseeutihus,
802 2341 908 2430 atque
949 2327 1061 2402 laetae
1103 2324 1224 2400 salutis
1265 2325 1424 2424 vigorem

308 2441 431 2517 dolosa
456 2469 497 2518 ao
522 2443 595 2518 lere
630 2442 824 2523 imensibili
857 2444 993 2519 ratione
1025 2443 1244 2547 pedetentim
1280 2439 1425 2518 subver»

310 2559 468 2640 tentibus
493 2561 658 2638 eruenda

357 2679 579 2756 Inconcussis
604 2683 827 2785 experientiis
858 2681 1079 2786 exploratum
1108 2678 1317 2778 habuimus,
1346 2677 1422 2753 No·

308 2800 456 2873 rooomii
471 2798 570 2874 aulas
586 2826 629 2876 eo
645 2803 770 2905 majori
790 2829 975 2904 aegrorum
990 2827 1139 2876 numero
1163 2799 1326 2902 impleri,
1349 2825 1423 2901 quo

307 2913 428 3015 plures
459 2941 503 2991 ex
529 2931 632 3019 parte
662 2921 747 2992 anni
777 2920 967 3021 temporie,
997 2918 1236 3020 tempestatis,
1258 2915 1424 2994 laborum

308 3033 518 3138 agrestium,
541 3053 578 3114 et
594 3037 837 3116 oalnmitatum
852 3039 1104 3116 universalium
1120 3049 1335 3114 concurrant
1349 3061 1424 3110 ma·

306 3155 429 3232 lelieae
453 3143 745 3234 ononmrtantiae.
771 3162 924 3236 Maxime
948 3159 1078 3233 llrnesti
1103 3157 1201 3231 luere
1221 3157 1305 3231 anni
1328 3153 1423 3232 1816

308 3289 347 3352 et
376 3279 491 3380 1817,
515 3277 643 3379 quibus
668 3283 718 3354 rei
743 3282 957 3355 annonariae
982 3279 1141 3380 angustia
1166 3273 1432 3378 deplorabilem*

307 3381 494 3469 innostro
517 3421 601 3496 agro
629 3395 769 3474 induxit
802 3411 1013 3498 egestatem,
1043 3397 1176 3472 etenim
1206 3418 1280 3471 non
1303 3393 1421 3468 solum

305 3515 459 3599 increvit
486 3515 694 3591 morborum
728 3517 1029 3618 epidemioorum,
1058 3517 1351 3620 epichoreorum,
1385 3527 1422 3589 et

307 3632 514 3732 praesertim
536 3631 711 3734 pellagrae
736 3634 956 3736 frequentia,
985 3661 1112 3712 verum
1136 3649 1172 3708 et
1196 3633 1418 3737 depopulans

309 3745 443 3850 typhus
469 3753 710 3852 oontagiosus,
744 3752 890 3836 classioo
914 3751 1051 3830 oalamo
1080 3769 1116 3828 et
1139 3753 1307 3855 singulari
1339 3779 1421 3828 eru·

307 3864 442 3940 ditione
478 3893 500 3942 a
539 3866 743 3945 doctissimo
783 3871 939 3947 Ouonro
986 3871 1212 3968 delineatur,
1258 3895 1421 3948 enormes

308 3983 420 4060 edidit
443 3999 584 4087 strages.
613 3986 668 4061 Ab
704 3989 764 4064 illa
789 3991 873 4064 inde
903 3989 1039 4093 opooha
1070 3988 1288 4092 pedetentim
1316 3991 1421 4064 mite·

307 4129 405 4178 scere
442 4107 580 4207 occepit
614 4105 791 4208 pellagra,
825 4137 937 4212 eaque
971 4135 1146 4184 rarescere
1170 4111 1421 4211 proportione,

308 4247 378 4322 qua
414 4223 647 4324 agricolarum
680 4251 755 4300 sors
793 4227 830 4300 iu
865 4227 991 4302 melius
1038 4251 1208 4300 oonversa
1247 4226 1315 4300 suit
1353 4225 1421 4302 sub

307 4335 477 4538 regimme
501 4343 643 4445 frugum
668 4341 903 4445 abundantia,
926 4359 964 4424 et
987 4345 1147 4422 benefico
1176 4340 1298 4424 firmae
1322 4343 1419 4450 pacis

308 4481 337 4528 er
364 4483 431 4530 ere.
