3228 5166
177 539 278 640 cipua
303 529 432 614 sistunt
456 531 614 638 objecta,
637 561 728 636 quae
751 533 813 612 illo
844 535 972 610 intuitu
1009 536 1181 613 medentis
1206 563 1283 618 me·

175 673 298 734 rentur
321 657 574 734 adtentionem.
685 675 689 684 ·

188 809 192 820 ·
224 781 297 873 Qui
321 775 529 882 perpendit,
562 767 779 849 sanationem
814 773 902 850 nihil
931 775 1145 872 aliudesse,
1180 803 1286 878 (pram

175 923 380 998 processum
402 893 611 992 nosogeniae
641 894 867 994 oppositam,
890 933 942 954 --
964 893 1071 994 liujus
1106 895 1286 968 notionem

175 1029 355 1108 exactam,
378 1025 419 1086 ut
435 1036 587 1111 congrua
604 1012 735 1112 opponi
750 1013 862 1114 possit
877 1009 1035 1108 medela,
1058 1012 1097 1084 in
1123 1011 1286 1088 omnibns

177 1147 214 1206 et
243 1127 387 1230 singulis
423 1130 561 1204 casibus
592 1129 750 1204 absolute
784 1131 1016 1204 necessariam
1056 1141 1151 1226 csse,
1187 1129 1292 1202 facile

176 1250 357 1349 concipiet
373 1247 557 1348 Ejusmodi
582 1245 779 1349 disquisitio
795 1249 1063 1347 uosogcnetica,
1089 1247 1287 1322 dummodo

176 1381 293 1440 mente
316 1365 485 1464 dirigatur
518 1393 539 1438 a
574 1367 699 1467 quovis
723 1365 939 1466 praejudicio
974 1363 1104 1462 libera,
1139 1367 1286 1438 unicum

174 1483 375 1586 suppeditat
397 1481 576 1579 medium,
610 1507 682 1583 quo
712 1483 910 1555 interancas
933 1481 1121 1582 organismi
1147 1497 1208 1555 aut
1231 1485 1286 1556 vi-

173 1602 265 1676 rium
288 1599 610 1702 metamorphoses,
633 1599 840 1675 morborum
865 1597 1049 1674 essentiam
1073 1601 1287 1676 constitues·

173 1731 247 1812 tcs,
272 1717 337 1790 etsi
352 1740 427 1789 non
443 1711 576 1816 ubique
593 1719 675 1789 cu'm
693 1715 887 1818 apodictica
904 1715 1136 1812 certitudine,
1150 1717 1284 1818 ‘majori

174 1850 293 1908 tamen
308 1831 563 1934 probabilitatis
588 1833 696 1934 gradu
722 1833 895 1939 illustrare
919 1833 1010 1908 licet
1023 1835 1139 1908 Immo
1163 1835 1201 1905 in
1227 1857 1284 1905 ca-

174 1953 271 2026 sibus
305 1951 422 2028 dubiis
457 1949 637 2053 cujusdam
675 1951 764 2024 labis
789 1950 967 2046 occultae,
998 1951 1055 2026 vel
1079 1949 1284 2024 adiectionis

174 2093 386 2170 organorum
410 2067 588 2170 profunde
609 2069 873 2144 reconditorum
894 2084 935 2142 et
958 2071 1075 2142 nunus
1091 2067 1284 2164 nobilium,

174 2187 212 2260 in
237 2185 366 2290 quibus
390 2187 598 2290 plerumque
622 2211 749 2262 manca
774 2213 849 2262 esse
873 2187 963 2264 solet
995 2191 1194 2284 semiotice,
1218 2213 1282 2288 per

172 2303 307 2381 hancce
331 2307 435 2378 uriice
459 2306 555 2380 viam
578 2300 693 2382 morbi
719 2303 935 2380 substratum
972 2307 1098 2408 conjici
1132 2307 1284 2407 poterit3

169 2425 378 2525 praesertim
402 2425 433 2498 si
457 2424 503 2498 ad
528 2449 712 2500 causarum
733 2424 909 2524 indolem,
933 2423 1224 2527 adplicationem,
1248 2437 1285 2496 et

170 2544 389 2639 adfiritatcm
413 2545 611 2645 specificam
635 2571 720 2619 cum
744 2545 849 2620 certis
873 2545 1034 2646 organis,
1057 2569 1124 2618 nec
1147 2569 1221 2616 non
1238 2541 1285 2615 ad

92 2696 94 2704 ⁴
168 2663 409 2766 sympatlaicas
427 2677 463 2737 ct
479 2663 747 2764 antagonisticas
762 2663 948 2738 relationes
965 2661 1058 2737 illius
1083 2663 1291 2763 systematis-

169 2783 345 2881 organici,
369 2781 534 2884 illiusque
550 2784 691 2882 organi,
716 2782 814 2884 quod
830 2785 959 2858 atrium
975 2779 1160 2883 praebuit,
1184 2805 1283 2878 prae·

169 2903 274 3001 cipua
298 2913 524 2974 convertatur
549 2899 715 2974 adtentio.
740 2899 936 2999 Nosogcnia
952 2897 1060 2996 igitur
1075 2921 1148 2970 non
1166 2895 1283 2967 solum

170 3017 218 3090 ad
243 3015 519 3090 confirmandam
544 3015 726 3115 diagnosin
751 3015 886 3090 foratae
911 3029 947 3088 et
971 3028 1117 3088 naturae
1141 3011 1284 3087 morbo·

173 3157 253 3205 rum
276 3131 440 3234 princeps
465 3131 567 3206 offert
589 3131 823 3234 praesidium,
850 3131 913 3204 scd
945 3131 1052 3205 edam
1085 3153 1152 3231 pro
1175 3127 1287 3201 stabi-

169 3247 288 3330 lienda
313 3249 471 3352 therapia
502 3249 663 3326 rationali
701 3253 910 3324 tutissimam
935 3251 1059 3324 sternit
1083 3251 1187 3325 viam.
1210 3247 1283 3322 Ubi

171 3367 382 3468 nosogeniac
417 3369 508 3444 ratio
540 3393 613 3443 non
647 3367 866 3465 inclarescit,
896 3369 1144 3470 empiricorum
1169 3391 1284 3440 reme-

171 3484 313 3560 diorum
336 3483 580 3588 implorandae
604 3499 687 3559 sunt
711 3511 804 3588 opes.
833 3483 907 3560 Ubi
936 3487 1146 3586 nosogeniae
1169 3511 1284 3587 oppo-

170 3607 280 3679 situm
316 3631 519 3708 processum
555 3606 749 3704 inducere,
783 3633 816 3681 v.
853 3633 883 3706 g.
921 3604 1057 3708 perdita
1092 3607 1286 3708 resarcire,

171 3725 354 3824 peregrina
380 3724 581 3823 eliminare,
597 3724 722 3800 coalita
739 3729 940 3827 sejungere,
968 3728 1125 3826 sejuncta
1142 3715 1286 3798 'conter-

170 3845 348 3917 rumiuarc
372 3841 564 3938 nonlicet,
586 3841 786 3944 palliatirae
802 3855 942 3916 tautum
956 3865 1063 3916 curae
1078 3841 1285 3915 conceditur

170 3953 280 4033 locus.

218 4075 399 4152 Prioribus
424 4101 497 4150 noa
521 4077 640 4151 mium
664 4075 903 4172 salebrosum,
938 4073 1035 4178 quod
1065 4073 1194 4148 medici
1220 4071 1283 4145 cli·

170 4197 238 4269 nici
256 4197 377 4271 munia
394 4197 563 4298 respicit,
582 4212 847 4298 argumentum,
871 4209 925 4270 est
940 4195 1055 4270 morbi
1071 4219 1178 4290 mou,
1194 4219 1286 4294 quae
1406 4241 1410 4246 -

169 4339 234 4411 pro
259 4339 360 4390 casus
385 4318 553 4390 varietate
585 4317 622 4389 in
657 4311 827 4390 dilectam
862 4329 898 4389 ct
922 4313 1151 4405 indirectam,
1175 4303 1288 4384 natio'⁴

170 4433 288 4510 nalem
312 4449 349 4510 et
373 4437 597 4538 empiricam,
633 4435 775 4510 vitalem
810 4447 846 4510 ct
871 4429 1201 4535 symptomaticam,
1225 4453 1284 4502 ra·

171 4547 319 4630 dicalem
353 4568 389 4628 et
422 4551 638 4655 palliatiram
669 4579 690 4630 a
721 4552 882 4657 practicis
916 4551 1043 4632 merito
1078 4547 1281 4654 dispositur.
