3264 5194
454 329 457 336 ,
1263 279 1331 354 127

219 353 311 474 gotis
335 369 519 474 voluptate
543 367 683 470 decepti
707 367 927 469 inquinatam
952 367 1138 444 ambientis
1155 369 1243 444 atris
1260 374 1335 449 vim

221 492 420 595 excipiant,
441 488 503 564 vel
525 487 632 590 plane
656 487 723 560 sub
748 487 833 562 divo
857 512 1010 586 sereno,
1042 501 1105 564 aut
1140 503 1176 566 et
1210 491 1336 591 dorni,

220 610 382 686 reseratis
408 607 596 704 fenestris,
620 625 787 680 somnum
811 605 961 707 capiant

271 729 467 802 Transacto
491 748 613 798 mense
638 722 826 817 Octobris,
860 723 943 821 qui,
979 723 1009 794 si
1046 721 1163 798 faveat
1197 724 1336 802 coelum
1384 735 1385 740 ’

221 845 368 943 sudum,
384 865 557 946 perquam
574 865 743 916 amoenus
768 853 805 912 et
828 838 953 916 incolis
978 843 1240 942 acceptissimus
1261 867 1337 920 esse

222 961 339 1058 solet,
362 959 525 1040 sordidus
549 958 673 1058 irrepit
697 971 912 1052 autumnus,
935 956 1109 1034 imbribus
1141 961 1339 1058 continuis,

223 1079 480 1176 alluvionibus,
503 1078 690 1180 densisque
714 1075 854 1151 nebulis
879 1075 1082 1178 distinctus,
1106 1104 1147 1155 ee
1178 1080 1335 1183 plerum·

171 1246 175 1254 ·
212 1196 294 1302 ¹que
318 1197 365 1274 ad
388 1199 495 1273 festos
519 1196 594 1272 dies
619 1197 814 1271 nativitatis
839 1197 984 1274 Domini
1006 1197 1127 1272 Nostri
1143 1215 1338 1302 porrectus.
1458 1265 1460 1270 ,

222 1319 341 1392 Hocce
366 1321 439 1420 jam
463 1317 547 1390 anni
571 1328 731 1415 tempore
756 1312 937 1392 maleficus
962 1313 1025 1391 udi
1049 1314 1199 1392 climatis
1232 1343 1339 1419 super

221 1435 409 1512 hominum
433 1459 580 1535 corpore
604 1430 757 1510 influxus
783 1431 1081 1511 eminentissimus
1106 1435 1244 1534 evadit,
1268 1449 1339 1510 ete-

222 1555 299 1626 nim
322 1567 436 1633 status
470 1550 752 1652 hygrometrieus
788 1549 1054 1650 atmosphaerae
1083 1551 1130 1627 ad
1158 1577 1339 1630 summum

223 1683 367 1744 evectus
392 1667 536 1747 cubnen
560 1679 705 1740 cunctas
730 1663 807 1739 illas
833 1682 1004 1766 provocat
1031 1667 1128 1748 labes
1137 1727 1149 1766 ,
1178 1672 1216 1745 in
1251 1697 1339 1772 quas

223 1787 441 1886 organismos
467 1789 536 1886 jam
563 1808 607 1858 ex
638 1797 740 1884 parte
777 1782 932 1860 madoris
966 1790 1193 1887 peronnensis
1230 1790 1341 1890 magis

222 1905 413 2008 dispositus
438 1915 513 2000 est,
535 1943 586 1960 -
611 1901 724 1976 febres
750 1915 873 2003 utpote
904 1917 1120 2004 quartanas,
1150 1921 1225 1982 tam
1253 1909 1339 1983 sim·

222 2025 355 2128 plioes,
389 2049 498 2126 quem
532 2021 758 2124 duplicatas,
795 2036 832 2096 et
869 2021 1090 2125 triplicatae,
1125 2026 1269 2128 hepati,
1304 2041 1341 2102 et

222 2144 374 2217 maxime
399 2141 484 2216 lieni
508 2140 675 2236 infestas,
699 2165 740 2214 ae
766 2138 968 2247 frequenter
991 2143 1029 2214 in
1055 2141 1255 2245 hydropem
1279 2143 1340 2217 de·

222 2274 438 2363 generantes.
476 2258 615 2353 Quodsi
649 2244 723 2332 una
754 2284 837 2333 cum
872 2257 1030 2360 pluviis,
1065 2277 1171 2364 aupue
1201 2261 1340 2338 nebulis

223 2381 480 2463 vicissitudines
518 2382 730 2482 temperiei,
764 2393 801 2453 et
840 2380 939 2455 renti
974 2379 1195 2482 aquilonares
1230 2409 1341 2484 copu-

223 2493 365 2599 lentur,
389 2515 502 2577 tusses
526 2499 770 2596 catarrhosao,
795 2498 909 2573 febres
934 2501 1194 2599 rheumaticae,
1218 2503 1343 2577 arthri-

107 2671 108 2674 =
223 2619 313 2694 tides
338 2631 489 2714 acutae,
513 2618 683 2718 onginne,
717 2615 922 2719 pleuritides
957 2621 1089 2719 passim
1124 2635 1340 2719 occurrunt,

128 2813 132 2824 ,
223 2753 329 2838 atque
353 2735 552 2818 naturalem
576 2735 686 2808 forme
710 2737 898 2808 transitum
923 2737 962 2811 in
986 2735 1186 2811 brumalem
1220 2737 1338 2838 epide·

223 2857 333 2928 miam
357 2853 523 2928 officiunt.
557 2853 602 2926 Id
630 2851 747 2926 solum
781 2851 943 2926 beneficii
974 2852 1089 2926 adfert
1123 2868 1343 2952 autumnus,

224 2973 342 3073 quod,
366 2975 396 3046 si
421 2971 567 3073 quidam
590 2970 707 3045 morbi
732 2971 925 3072 contagiosi
949 2972 1048 3072 prius
1074 2987 1191 3048 essent
1215 2973 1341 3050 debac-

225 3093 319 3166 chati
331 3145 342 3190 ,
365 3089 575 3192 plerumque
599 3089 843 3186 emoriantur,
867 3103 904 3164 et
929 3105 1149 3194 evarresoant.

274 3205 462 3308 Popellum
503 3219 737 3308 campestrem
776 3231 862 3308 prae
901 3205 1035 3281 urbano
1073 3207 1169 3310 pube
1204 3193 1342 3286 cunctis

225 3327 321 3400 hisce
346 3323 591 3403 insanitatibus
617 3323 808 3398 endemiois
837 3340 874 3399 et
904 3325 1134 3427 epidcmicis,
1158 3326 1342 3407 climatieis

225 3459 262 3518 et
286 3443 531 3519 anniversariis
555 3441 735 3538 mulctari,
750 3443 900 3546 ideoque
924 3445 1181 3524 securissimam
1198 3447 1235 3519 in
1252 3447 1343 3550 diju-

224 3561 374 3642 dicanda
399 3561 555 3635 cladium
579 3559 806 3662 popularium
822 3577 948 3636 natura
965 3564 1134 3642 amussim
1150 3565 1343 3665 praebere,

88 3761 107 3780 N
224 3707 331 3756 nemo
354 3679 514 3783 profecto
540 3681 633 3776 erit,
657 3681 719 3780 qui
754 3705 827 3758 non
864 3681 1078 3781 perspiciet,
1115 3708 1198 3783 qus
1222 3681 1267 3756 de
1302 3707 1355 3757 re·

227 3801 453 3900 praecipuam
477 3798 613 3874 strenui
636 3797 870 3872 observatoris
895 3797 1138 3872 adtentionem
1171 3799 1238 3872 sibi
1262 3801 1342 3876 vin·

225 3916 346 3988 dicant
369 3928 499 3994 cuncta
522 3915 708 3987 noxiarum
733 3941 882 4014 genera,
906 3943 997 4016 quae
1029 3917 1069 3990 in
1104 3916 1250 3990 crimine
1286 3917 1340 3992 l'a·

225 4031 364 4106 cultatis
388 4027 591 4106 morbibcae
617 4057 691 4104 esse
722 4047 880 4132 possunt
916 4032 1036 4107 Nihilo
1071 4047 1192 4108 tamen
1226 4037 1341 4109 secius

225 4178 291 4226 nec
315 4150 396 4232 illae
420 4149 731 4252 praetervidendae
747 4163 831 4229 sunt
847 4151 1130 4225 circumstantiae
1146 4153 1344 4253 secundae,

225 4299 315 4374 quae
341 4269 521 4348 nonnullis
552 4270 743 4348 individuis
775 4270 884 4348 veluti
919 4272 1151 4350 immunitatis
1187 4274 1341 4375 speciem
