3158 6116
1290 291 1359 368 207

250 379 439 456 cerebralie
464 383 501 456 in
526 407 600 458 uuo
623 381 808 459 individuo
840 383 1065 485 epilepsiam,
1096 388 1134 458 in
1169 383 1238 460 alio
1273 385 1362 484 dcli·

251 503 346 574 rium
371 501 557 597 finiosum,
591 500 751 582 dolorem
786 504 910 604 capitia
944 505 982 576 in
1019 505 1142 578 tertio.
1163 503 1362 604 producat,

250 617 422 692 hactenus
445 618 630 719 problema
653 621 784 694 mansit
813 619 1016 723 insolutum.
1047 619 1186 720 Oedipo
1221 624 1360 720 conjec-

250 747 327 810 tore
351 761 441 835 opus
467 735 580 832 foret,
601 761 756 837 namque
780 736 984 812 mortalium

348 851 466 928 Pauca
489 853 604 927 ualent
628 859 697 928 veri
719 879 842 934 caecos
865 859 998 958 aperte
1024 851 1181 934 latebras.

251 971 400 1042 Interim
423 969 526 1043 nobis
552 971 686 1046 lactum
710 973 849 1046 novisse
873 971 1053 1068 sufficiat,
1068 987 1110 1050 ut
1133 970 1257 1044 saltem
1281 968 1360 1045 ido-

248 1111 315 1158 nea
340 1085 499 1187 liqueant
522 1088 720 1189 praesidia,
742 1085 870 1188 quibus
887 1089 1065 1188 suppetias
1083 1087 1172 1164 lbrre
1188 1087 1358 1188 languent·

247 1203 352 1278 tibus.
377 1205 474 1278 Haec
498 1206 676 1306 sequentis
701 1232 801 1284 oaaus
826 1232 909 1304 ergo
933 1205 1029 1286 dicta
1052 1219 1168 1282 sunto.

297 1319 483 1419 Ruricola,
508 1321 557 1397 50
582 1349 778 1418 annorum,
802 1321 982 1422 irreptor,
1007 1321 1204 1423 cephalaeis
1235 1321 1360 1400 crebro

247 1438 441 1536 obnoxius,
475 1440 532 1518 die
569 1466 626 1516 ao.
663 1442 780 1522 Martii
815 1439 890 1514 dira
926 1440 1114 1542 corripitur
1146 1437 1358 1524 hemicrania

246 1558 376 1636 sinistri
401 1556 539 1654 lateris,
563 1559 656 1638 inter
680 1585 786 1660 quam
812 1562 931 1641 ortaria
962 1555 1098 1660 objecta
1130 1557 1239 1657 dupla
1266 1580 1358 1630 eoue-

240 1687 377 1775 petent.
403 1675 542 1774 Turgor
564 1688 602 1749 et
626 1674 735 1749 rubor
759 1675 879 1768 laciei,
896 1673 992 1750 calor
1010 1672 1179 1752 molestus
1204 1673 1250 1746 ad
1266 1673 1359 1746 iron-

246 1805 319 1866 tem
348 1805 401 1866 et'
422 1791 593 1890 orbitam,
628 1793 837 1892 κάρηβαριά,
871 1791 1077 1876 arteriarum
1112 1788 1358 1891 temporalium

246 1909 396 1988 micatus
420 1908 554 2006 vividi,
587 1921 693 2009 atque
727 1906 953 1988 membranae
990 1909 1235 2007 conjunctivae
1270 1904 1357 1978 levis

249 2025 399 2110 collusio
423 2039 556 2108 statum
581 2025 834 2124 congestionis,
857 2049 917 2096 seu
944 2024 1149 2102 irritationis
1172 2021 1357 2126 phtogodis

247 2171 446 2246 supponere
471 2144 642 2224 sinebant
667 2146 735 2218 Sex
762 2143 985 2223 hirudinibus
1019 2143 1066 2216 ad
1096 2156 1235 2242 tempus
1271 2141 1355 2222 tillir

240 2281 358 2340 etrum
383 2266 558 2362 admotis,
582 2253 627 2340 et
642 2265 760 2340 inluso
784 2265 920 2344 Sennae
945 2289 1027 2338 cum
1045 2262 1123 2336 Sale
1148 2289 1266 2336 amaro
1283 2261 1356 2362 pla-

244 2399 345 2459 catur
371 2383 567 2484 cephalaea.
592 2383 710 2458 Altera
740 2383 895 2484 depletio
928 2382 1072 2479 localis,
1106 2397 1187 2484 post
1221 2381 1355 2482 aliquot

243 2505 318 2578 dies
344 2517 498 2600 tentate,
532 2504 724 2606 diplopr'um
758 2503 912 2604 dissipat
937 2545 987 2561 -
1012 2506 1086 2585 Cur
1115 2505 1243 2604 juverit
1277 2529 1353 2578 me·

243 2621 349 2698 dendi
373 2621 562 2696 methodus
588 2623 890 2722 antiphlogistica,
919 2624 995 2698 sine
1024 2623 1164 2722 negotio
1193 2623 1354 2722 intelligi·

242 2749 300 2813 tur
325 2750 366 2810 ex
390 2737 509 2816 indole
534 2737 650 2816 morbi
674 2752 814 2820 statuta.
846 2741 919 2812 Cur
959 2753 1077 2812 autern
1113 2739 1352 2841 symplrorcsis

241 2853 419 2952 cephalica
444 2855 481 2930 in
507 2853 617 2934 hocce
642 2881 725 2928 casu
750 2854 942 2956 diplopiam
967 2858 1107 2957 potius,
1124 2884 1229 2958 quern
1248 2857 1351 2930 aliam

242 2995 429 3046 nevroseos
464 2970 614 3044 somnam
645 2971 1040 3073 produxerit,..naturee
1071 2976 1216 3056 curiosis
1252 2977 1349 3076 erpi·

244 3088 414 3164 scandu’m
439 3088 680 3188 relinquimus.
715 3092 901 3192 Sequentia
927 3091 1175 3192 'phaenomena
1200 3095 1352 3194 particu-

243 3203 355 3300 laria,
379 3231 471 3306 quae
494 3205 561 3278 sub
586 3205 758 3305 brume,
783 3221 820 3282 et
843 3211 994 3288 maxime
1022 3209 1090 3290 sub
1124 3209 1351 3290 decremento

240 3323 354 3397 morbi
380 3323 578 3420 obvenere,
603 3328 718 3404 notari
742 3341 932 3410 merentur.
957 3329 1069 3428 Aeger
1092 3327 1237 3428 singulis
1262 3356 1349 3404 ocu·

240 3439 306 3535 lis,
330 3439 499 3520 alterutro
524 3441 665 3541 clauso,
688 3444 860 3546 simplicia
895 3458 1034 3528 tanturn
1068 3445 1159 3524 uidit
1193 3444 1351 3548 objecta3

238 3561 323 3632 item
349 3561 455 3635 etiem
491 3561 683 3659 ambobus,
713 3563 743 3636 si
778 3561 958 3664 objectum
985 3563 1078 3638 ultra
1109 3565 1214 3642 unius
1248 3565 1348 3665 pedis

239 3677 442 3754 distantiam
466 3704 539 3752 non
565 3680 670 3754 luerit
695 3695 871 3761 remotum
895 3681 941 3755 ab
957 3709 1087 3783 organo
1101 3684 1277 3780 -visiouis3
1291 3711 1347 3758 se·

238 3821 300 3868 cus
325 3810 452 3873 cuncta
477 3797 670 3898 adparuere
694 3799 811 3900 dupla.
837 3799 892 3876 Ab
922 3800 984 3875 illo
1018 3827 1104 3876 vero
1138 3817 1347 3900 momento,

236 3941 328 4013 quo,
364 3929 447 4014 post
480 3917 672 3994 secundam
710 3920 887 4019 sanguinis
928 3919 1173 4015 eductionem,
1212 3921 1346 3998 malum

234 4032 451 4130 pedetentim
474 4033 649 4108 sublevari
676 4037 814 4136 coepit,
838 4036 992 4138 diplopie
1023 4036 1180 4116 decrevit
1213 4039 1251 4111 in
1287 4061 1343 4114 ra·

234 4148 330 4223 tione
353 4149 485 4224 directa
511 4151 779 4248 distantiarum,
802 4153 850 4226 ita
877 4167 939 4250 ut,
962 4178 1053 4253 quae
1089 4153 1194 4228 hodie
1226 4153 1343 4228 adbuc

221 4265 385 4364 duplicia
422 4267 656 4344 cernebantur
690 4269 827 4370 objecta
857 4271 910 4355 *ad
951 4271 1153 4351 distantiam
1188 4271 1344 4350 duorum

231 4383 364 4486 pedum
376 4441 386 4483 ,
411 4388 561 4470 crastina
585 4389 643 4464 die
668 4393 740 4491 jem
764 4387 917 4471 eundem
951 4387 1118 4471 ellectum
1154 4412 1226 4464 non
1258 4415 1341 4491 pro-
