3252 5166
324 373 396 450 tho

320 487 428 590 lapso.
453 487 541 564 Erat
564 489 623 564 illa
648 487 821 594 ipsissima
844 489 946 584 dies,
969 511 1039 591 qua
1065 503 1177 563 tanae
1202 503 1319 564 motus
1349 490 1424 563 Ge-

319 621 470 682 uuensea
494 609 681 710 quassabat
705 635 792 682 oras.
816 611 978 682 Exeunte
1001 635 1122 682 mense
1146 635 1275 684 vernus
1303 623 1426 709 tepor,

299 719 409 798 ¹lactc
446 724 619 800 florebant
655 727 777 801 Violae
817 751 1007 822 emensas,
1039 727 1302 827 papilionesque
1338 725 1424 798 hinc

316 841 400 917 inde
424 843 626 920 volitabant
651 847 716 919 Dic
743 869 800 948 ²7·
817 847 970 919 tonitnra
987 871 1007 918 e
1023 845 1233 946 longinquo,
1253 845 1424 918 fremente

317 957 501 1075 ilffirilone.

713 1101 818 1156 nont!
843 1101 1028 1156 telonium.

366 1315 485 1390 Ubera
509 1319 616 1391 etiam
640 1317 710 1392 hoc
733 1345 855 1393 mense
878 1321 1053 1396 succrevit
1075 1311 1282 1393 morborum
1305 1341 1424 1419 seges,

315 1433 403 1532 quin
428 1447 546 1508 tamen
569 1435 724 1510 multum
747 1437 866 1537 dispar
890 1437 995 1510 fuerit
1018 1461 1143 1510 eorum
1167 1433 1309 1509 indoles.
1334 1438 1422 1508 Per-

316 1553 441 1623 sisteus
465 1550 635 1626 hactenus
660 1553 780 1652 genius
805 1552 1064 1628 constitutionis
1088 1550 1269 1652 hybernae
1292 1551 1421 1624 multas

316 1669 443 1742 accivit
462 1675 794 1770 peripneumomirs,
817 1697 935 1771 quae,
957 1659 1040 1743 licet
1071 1665 1308 1744 carantocum
1341 1667 1421 1741 uhi-

315 1807 386 1886 que
420 1785 641 1862 defenderint
677 1789 860 1885 indolem,
892 1790 1066 1888 insignem
1101 1785 1351 1882 nihilosecius,
1386 1801 1424 1858 et

316 1903 460 2002 quidem
483 1907 635 1980 maxime
659 1909 697 1979 in
721 1901 832 2002 viris,
863 1905 1011 2007 adeptae
1044 1919 1128 1977 sunt
1151 1903 1421 1977 vehementiam.

314 2015 432 2093 Unico
456 2034 597 2096 tantum
621 2025 659 2096 in
684 2050 767 2097 casu
791 2023 956 2097 morbum
980 2023 1056 2095 sins
1089 2020 1329 2122 phlebotomia
1362 2019 1423 2092 de-

315 2139 491 2236 vicimus,
514 2167 614 2214 secus
639 2143 835 2240 generosis,
859 2155 896 2214 et
919 2141 1075 2241 repetitis
1099 2137 1420 2214 vcnaesectionibus

316 2282 406 2358 opus
430 2271 514 2330 erat
539 2259 723 2356 Sanguinis
748 2273 925 2330 caeterum
948 2259 1065 2330 minor
1080 2256 1291 2357 plasticitaS,
1309 2281 1420 2355 quam

316 2375 441 2476 elapsis
465 2367 654 2448 mensibus.
681 2373 904 2450 Moliminum
928 2366 1130 2449 criticorum
1154 2373 1233 2448 talis
1250 2373 1422 2470 efficacia,

315 2497 357 2564 ut
380 2489 438 2564 die
464 2519 497 2594 7.
522 2491 579 2566 vel
603 2515 638 2590 9.
663 2491 869 2592 plerumque
893 2491 1101 2592 phlogoseos
1126 2495 1319 2594 impetum,
1346 2492 1420 2566 fere

315 2600 461 2710 fulguris
486 2611 714 2710 pernicitate,
738 2610 930 2709 fregerint,
953 2610 1011 2686 vel
1041 2610 1166 2684 saltem
1200 2609 1420 2686 laudabiliter

315 2727 557 2802 cicuraverint
581 2727 964 2829 Pham-praemineo
986 2726 1190 2803 catarrhum
1219 2731 1419 2828 gravissima

316 2847 354 2919 in
379 2845 557 2941 Caseario,
582 2845 772 2946 septimum
796 2847 920 2918 aetatis
948 2843 1100 2918 lustrum
1135 2869 1305 2941 emenso,
1339 2859 1420 2920 octo

313 2961 563 3063 phlebotomiis
587 2986 633 3034 ne
657 2960 771 3034 hilum
795 2961 939 3062 quidem
964 2959 1160 3058 obediens,
1187 2975 1293 3062 atque
1328 2961 1418 3052 ultra

315 3103 453 3152 nonum
476 3091 639 3179 ponecta
673 3077 768 3152 diem
792 3082 863 3178 jam
900 3077 1029 3150 funesti
1063 3079 1177 3151 exitus
1207 3091 1343 3151 metum
1367 3080 1420 3150 in-

314 3193 496 3290 cutiebat,
519 3193 608 3281 dum
632 3193 678 3268 ad
701 3215 863 3296 vesperas
887 3194 957 3267 diei
988 3219 1041 3267 11.
1064 3194 1222 3268 benefica
1255 3195 1420 3268 incende-

313 3313 419 3387 batur
441 3311 564 3408 lucta,
587 3337 704 3414 quae,
728 3311 915 3387 sudoribus
939 3311 1089 3412 profusis
1115 3327 1151 3386 et
1175 3313 1316 3413 copiosa
1340 3337 1421 3386 ana·

313 3429 465 3504 cetharsi
499 3455 639 3503 summo
674 3455 757 3504 cum
792 3429 992 3506 levamento
1027 3417 1186 3527 obortis,
1219 3455 1363 3531 aegrum
1397 3456 1418 3502 e

314 3547 437 3623 limina
460 3547 585 3620 mortis
609 3547 747 3647 eripuit

363 3662 599 3738 Concedimus
624 3665 788 3766 equidem
811 3665 1118 3766 peripneumonias
1152 3663 1302 3738 subinde
1332 3691 1419 3766 apo-

312 3787 445 3859 staticis
468 3781 596 3858 resolvi
619 3783 792 3880 ensibus,
815 3810 857 3858 ac
881 3809 966 3885 prae
990 3785 1135 3858 caeteris
1160 3783 1329 3858 salutares
1346 3810 1421 3858 esse

312 3905 486 4001 sudores,
508 3907 661 3980 maxime
684 3906 745 3980 ubi
776 3906 921 3981 morbus
956 3933 976 3980 c
1010 3907 1270 4007 refrigeratione
1304 3923 1422 3982 ortum

313 4025 423 4100 duxit.
448 4024 643 4098 Imminens
668 4047 780 4122 vero,
804 4025 902 4125 quod
932 4025 1045 4124 gravis
1079 4023 1309 4098 inflammatio
1345 4023 1423 4124 pul-

311 4165 461 4218 monum
484 4142 611 4215 minari
635 4140 750 4239 solet,
773 4139 994 4243 periculum,
1017 4167 1200 4240 nunquam
1218 4141 1329 4214 tutius
1353 4137 1425 4214 dis-

312 4263 418 4364 aipari
442 4261 619 4358 videmus,
643 4287 750 4362 vam
775 4263 805 4334 si
822 4263 964 4362 copiosa
980 4257 1105 4355 simul,
1121 4285 1256 4356 crassa,
1272 4257 1425 4354 viscida,

312 4395 349 4454 et
371 4380 519 4481 plastico
544 4380 665 4455 fomite
692 4381 861 4454 scatentia
886 4379 1085 4481 sputamina
1102 4379 1277 4452 secedant
1294 4379 1425 4480 Hujus-

311 4496 409 4577 modi
433 4499 512 4574 cn'si
537 4499 733 4577 ἱιίἰωωιίοα
757 4523 830 4578 non
853 4497 969 4576 solum
998 4495 1175 4600 phlogosis
1202 4494 1425 4592 retunditur,
