3228 5166
315 495 481 604 adparet,
504 493 607 599 longe
632 491 737 575 allam
761 497 886 573 hahuit
908 496 1203 593 destinationem,
1233 505 1340 598 quam
1365 497 1418 570 di·

312 619 466 721 scipulos
508 613 719 712 erudiendi,
755 613 965 690 tenebantur
1004 618 1136 717 quippe
1171 607 1420 691 Pantonnurss

312 745 325 830 (
340 738 513 823 societatis
536 735 788 835 Pythagoricae
805 732 964 830 sodales,
979 735 1039 834 qui
1058 733 1243 806 Graeciam
1263 757 1422 832 peragra-

311 853 399 928 bant
414 862 445 950 ),
480 869 517 927 et
546 854 790 927 Parnorsnaa
821 852 932 944 (artis
970 851 1207 951 gymnasticae
1243 850 1422 948 magistri,

311 973 374 1071 qui
398 969 661 1050 adolescentum
685 967 805 1040 salutis
832 968 982 1040 tuendae
1008 993 1130 1040 curam
1157 961 1421 1056 susurrabant),

312 1103 353 1162 ut
376 1089 565 1163 redderent
588 1088 761 1160 rationem
785 1085 963 1180 methodi,
980 1109 1089 1186 quam
1110 1088 1148 1157 in
1168 1083 1312 1184 singulis
1330 1109 1422 1157 mor-

311 1203 366 1278 bis
390 1207 554 1280 curandis
579 1204 718 1303 sequnti
743 1217 867 1275 essent.
892 1202 947 1276 Ab
972 1202 1035 1277 illo
1059 1209 1132 1305 jam
1163 1217 1321 1303 tempore
1346 1227 1422 1275 ccr··

311 1350 413 1400 ruere
444 1326 560 1426 coepit
583 1322 763 1420 religiosus
788 1323 871 1394 artis
897 1322 1051 1422 opiferae
1077 1321 1192 1396 cultus
1216 1323 1255 1394 in
1280 1321 1421 1421 templis

312 1441 555 1538 Graecorum,
578 1439 771 1514 medicinae
787 1445 1005 1530 acerreae,
1022 1441 1096 1514 sive
1108 1437 1279 1542 populari
1300 1439 1421 1515 locum

312 1558 450 1632 eedem.

362 1678 484 1770 Quum
513 1673 614 1750 bellis
651 1669 696 1748 uh
730 1670 919 1749 Alexandri
956 1677 1075 1776 Magni
1111 1691 1237 1750 morte-
1261 1676 1421 1752 civilibus

312 1794 440 1866 exortis
465 1793 532 1885 (A
558 1793 630 1866 323
657 1819 686 1864 a.
712 1791 794 1864 Chr.
811 1799 844 1888 ),
877 1793 915 1866 in
946 1795 1129 1866 communi
1159 1793 1421 1893 provinciarum

311 1913 506 1990 vastatione
531 1925 567 1986 et
591 1911 797 2008 vexatione,
821 1911 1004 1986 literarum
1039 1909 1156 1987 studia
1194 1913 1422 1988 vehementer

311 2027 451 2104 adflicta
474 2044 611 2126 essent,
635 2044 840 2132 metumque
865 2033 1079 2128 incuterent,
1095 2033 1277 2106 ne'omnis
1294 2057 1420 2106 eorum

311 2146 460 2246 dignitas
489 2147 770 2246 extingueretur,
795 2161 913 2221 tutum
936 2162 972 2221 et
994 2163 1193 2246 augustum·
1206 2145 1420 2250 praesidium

312 2287 353 2335 ac
383 2257 644 2363 receptaculum
668 2263 710 2335 iis
728 2263 855 2338 'divina
879 2263 1102 2364 providentia
1127 2265 1173 2338 in
1196 2263 1421 2340 Ptolemaeo-

310 2404 393 2455 rum
416 2381 522 2480 Regia
555 2384 786 2482 praeparavit
819 2381 1056 2482 Elanguentes
1077 2383 1115 2456 in
1132 2381 1280 2458 Hellade
1305 2385 1419 2457 scicn-

311 2499 380 2574 tiae
404 2525 501 2574 nuuc
530 2492 577 2572 ad
600 2500 801 2600 Aegyptum
835 2495 1113 2598 transferuntur,
1147 2502 1419 2576 vetustissimam

311 2615 410 2690 illam
433 2615 622 2718 sapientiae
647 2631 684 2688 et
707 2613 837 2690 artium
861 2617 1004 2714 sedem,
1035 2617 1130 2693 unde
1162 2617 1422 2693 samothracius

311 2733 498 2834 Orpheus,
521 2759 563 2807 ac
586 2731 701 2808 multo
725 2749 808 2834 pout
829 2733 1048 2834 Pythagoras
1072 2736 1242 2836 mysteria
1262 2734 1418 2808 hausisse

311 2845 516 2946 dictisunt,
531 2846 645 2923 stubi
661 2849 819 2924 Deorum
834 2849 1068 2947 incunabula,
1084 2849 1142 2924 rel
1166 2853 1285 2952 potius
1303 2852 1418 2952 prima

312 2991 436 3042 eorum
460 2963 647 3042 simulacra
672 2966 777 3042 luisse
801 2967 1012 3069 perhibent,
1041 2984 1239 3044 monstrosa
1264 2970 1424 3074 quidem,

307 3099 579 3162 verumtamen
604 3111 751 3160 arcanae
776 3088 1039 3188 significationis
1060 3089 1176 3190 plena.

360 3201 603 3300 Liberalitate,
627 3227 668 3277 ae
693 3230 833 3279 summo
857 3202 1064 3279 cruditionis
1082 3208 1290 3306 omnigenae
1306 3207 1424 3282 studio

312 3317 597 3394 Ptolemaeorum
622 3322 755 3409 laetum
778 3338 859 3422 est,
882 3339 923 3398 ut
946 3325 1216 3423 Alexandriam,
1232 3339 1311 3402 aere
1335 3329 1425 3402 salu-

312 3435 467 3512 berrimo
492 3437 704 3537 gaudentem
737 3453 774 3512 et
804 3444 1017 3517 commercio
1053 3467 1120 3544 per
1158 3457 1275 3518 totum
1302 3445 1425 3520 orbem

312 3565 458 3628 extenso
483 3553 689 3652 florentem,
714 3556 981 3633 confluerent
948 3585 1014 3633 vm
1005 3560 1149 3657 'docti,
1168 3577 1203 3662 et
1220 3564 1282 3663 qui
1299 3562 1426 3637 doctri·

309 3695 399 3748 nam
422 3670 646 3750 adfectarent
671 3673 905 3750 Protsnssus
922 3679 1035 3774 Lacr,
1051 3679 1185 3778 primns
1206 3681 1304 3779 regni
1320 3705 1424 3782 aegy-

312 3789 421 3893 ptiaci
457 3791 639 3889 conditor,
665 3790 850 3868 literarum
891 3791 1007 3871 fautor
1038 3795 1265 3894 clarissimus,
1299 3797 1426 3890 (Anno

314 3904 388 3978 320
414 3931 443 3978 a.
458 3905 542 3980 Chr
566 3931 601 3981 n.
617 3909 664 4001 )
655 3935 692 3982 m
718 3908 947 3985 Alexandriae
972 3911 1059 3986 urhe
1085 3912 1282 4014 Collegium
1306 3927 1344 3987 et
1366 3915 1425 3988 Bi·

310 4019 527 4098 bliothecam
551 4023 737 4122 fundavit,
766 4052 857 4128 qnae
881 4053 902 4101 a
925 4029 1141 4103 Pronuntao
1166 4031 1418 4103 Pnnaornrno

314 4139 383 4229 (A.
410 4139 958 4240 285)et13vaaem1.(sn
985 4144 1081 4239 246)
1111 4147 1213 4222 novis
1243 4147 1426 4306 praesidi&

313 4259 481 4332 mutrifice
507 4273 610 4334 aucta
635 4258 743 4336 lisere
1019 4307 1022 4314 ι

366 4376 542 4452 Musteus
577 4379 879 4478 Ataxancnmun,
912 4383 1058 4456 unicum
1089 4407 1131 4456 eo
1168 4395 1328 4484 tempore
1362 4405 1427 4486 per

313 4487 459 4591 urbem,
476 4507 648 4598 questum
665 4496 811 4601 quidem
827 4437 979 4600 cohsua,
995 4499 1049 4576 sui
1065 4500 1200 4600 generis
1223 4501 1423 4578 nstitutus
