3228 5166
209 499 298 577 ¹797
325 481 338 568 (
350 477 499 551 Decreto
518 495 574 579 27.
591 473 1028 571 Novembris)anarius
1053 479 1203 554 Cliniees
1226 477 1312 556 Pro·

204 593 313 667 femor
335 591 559 694 designatus,
584 609 688 694 atque
705 594 979 670 valetudinan'ae
996 601 1185 673 senectutis
1207 623 1312 671 cansa

200 707 359 788 subsidio
383 737 490 814 supra
513 713 647 786 laudati
671 714 881 788 Professoris
907 715 1066 815 adjuncti
1093 717 1212 790 Btum
1236 715 1312 790 sus-

202 834 322 907 sultus.
347 835 543 931 Postquam
565 853 724 904 summus
747 831 808 904 ille
832 809 899 905 vir'
928 859 1059 906 noram
1093 833 1313 933 provinciam

206 951 269 1022 die
296 953 353 1022 28.
379 949 562 1022 Februarii
593 971 686 1050 ¹799
697 947 865 1024 Discursu
889 949 1091 1022 academico
1114 948 1314 1048 auspicatus

205 1084 318 1166 asset,
352 1089 423 1169 qno
452 1069 642 1144 venerandi
672 1070 837 1170 antiquae
868 1066 1065 1142 medicinae
1099 1067 1314 1142 Fundatoria

205 1187 380 1264 honoiem
409 1187 454 1260 ab
492 1189 718 1262 antecessoris
743 1187 871 1288 injuria
896 1187 1097 1282 vindicare,
1130 1210 1174 1260 ae
1196 1197 1313 1286 syste-

204 1323 349 1380 matum
367 1309 404 1379 in
429 1321 504 1380 arte
527 1305 704 1380 salutifera
729 1301 919 1380 utilitatem
942 1305 1099 1381 mascula
1115 1301 1317 1404 eloquentia

205 1423 392 1496 defendere
415 1424 483 1496 sibi
507 1425 691 1524 proposuit
715 1430 784 1519 (1),
807 1417 939 1498 mensis
963 1423 1093 1526 Aprilis
1116 1423 1220 1498 initio
1249 1419 1315 1494 cli-

203 1541 292 1626 nieis
322 1541 494 1616 exercitiis
531 1567 632 1616 suam
663 1559 809 1642 operam
845 1565 976 1616 navare
1006 1540 1154 1640 occepit.
1178 1537 1315 1611 Verum

206 1660 388 1734 enimvero
424 1657 556 1732 mensis
593 1658 708 1759 spatio
726 1659 801 1732 ,1111
831 1671 1010 1732 transacto
1031 1662 1111 1758 ‚jam
1140 1655 1317 1751 decessit,

205 1789 412 1849 coruscante
448 1777 645 1849 recentium
678 1773 903 1875 politicarum
933 1774 1169 1876 procellarum
1192 1771 1316 1848 nimbo

207 1889 394 1992 abreptus,
418 1892 610 1992 patriisque
635 1918 656 1964 e
679 1890 829 1965 Laribus
854 1891 1006 1967 evulsus.

290 2027 335 2108 (1)
354 2019 491 2086 Discorao
511 2011 688 2109 insugurde
708 2023 777 2088 dett
789 2025 853 2088 Uro
872 2025 921 2089 dei
949 2025 1067 2090 Sistemi
1094 2022 1176 2097 nella
1195 2027 1316 2114 pratia·

336 2129 495 2190 Medicina.

256 2247 287 2318 A
311 2273 433 2319 mense
446 2247 554 2348 ’Majo
577 2241 671 2351 1799
682 2293 696 2338 ,
720 2266 833 2352 usque
854 2267 976 2324 versut
993 2245 1101 2322 fierem
1118 2249 1202 2323 anni
1224 2251 1317 2324 1800

205 2367 325 2438 omnia
349 2365 465 2438 studia
490 2367 607 2440 Ticini
630 2369 826 2470 intercepta
850 2367 972 2465 suere,
1001 2383 1106 2472 atque
1136 2369 1319 2444 Pieridum

205 2483 342 2559 deserta
358 2487 487 2559 mansit
502 2487 618 2584 sedes,
634 2509 755 2563 mense
772 2488 945 2565 duntaxat
961 2489 1172 2566 Novembris
1188 2493 1318 2566 iterum

205 2605 243 2676 in
269 2625 458 2680 commune
475 2605 704 2680 commodum
721 2623 851 2709 aperta.
868 2607 1052 2682 Adsumsit
1067 2631 1164 2684 nune
1180 2609 1318 2683 Pennus

204 2724 377 2818 Pinnem,
401 2724 811 2821 Ariconensis7'clirricae
827 2727 1057 2799 institutionis
1079 2727 1319 2826 provinciam,

204 2839 358 2913 absentis
396 2839 607 2915 Professoris
646 2842 852 2938 ordinarii,
875 2843 973 2916 Petri
1012 2843 1188 2936 Moscofi,
1224 2843 1319 2914 vices

205 2983 334 3054 agens3
366 2983 471 3029 eursu
506 2972 627 3032 tamen
661 2959 863 3032 academico
900 2959 948 3032 ad
981 2958 1090 3032 tinem
1120 2956 1326 3058 perducto,

215 3097 268 3170 ¹9·
293 3074 390 3146 Junii
414 3075 499 3146 1801
523 3077 673 3174 patriam
698 3101 859 3150 reversus
883 3091 938 3150 est
954 3083 1012 3170 (1).
1027 3119 1079 3134 -·-
1100 3075 1321 3177 Subsequen-

207 3190 234 3261 ti
257 3215 351 3262 anno
375 3190 585 3265 scholastico
616 3194 825 3266 1801-1801
851 3193 1030 3268 Josernus
1050 3195 1167 3270 Rsocr
1179 3239 1194 3286 9
1222 3195 1320 3270 Tici-

206 3311 347 3404 nensis,
375 3312 447 3409 jam
472 3309 517 3383 ab
547 3311 769 3411 Annor791
804 3309 986 3384 Professor
1020 3311 1228 3386 Ordinarius
1252 3313 1319 3386 Pa·

207 3426 383 3526 tbologiae
400 3441 436 3500 et
454 3427 648 3501 Medicinae
668 3425 836 3525 forensis,
859 3443 970 3529 atque·
982 3431 1087 3503 Anno
1109 3427 1316 3502 1802-1803

204 3542 382 3618 Bassmus
408 3547 604 3619 0111111111
631 3547 812 3638 (secunda
838 3549 944 3640 vice)
969 3549 1184 3651 temporario
1209 3549 1316 3624 Insti-
1384 3609 1387 3616 .

205 3665 334 3737 tutoris
359 3663 475 3736 clinici
500 3689 647 3738 munere
672 3679 756 3738 sunt
784 3665 970 3766 perfuncti.

292 3799 335 3878 (a)
356 3799 473 3861 Pierio
494 3799 642 3862 Pansam
662 3799 753 3862 bano
773 3791 1037 3862 circuentibus.
1059 3797 1168 3862 Atax.
1183 3798 1195 3882 (
1211 3796 1320 3882 1801.)

254 3901 461 3999 Composita
487 3901 632 3974 tandem
656 3901 694 3972 in
725 3901 1040 3998 Langobardorum
1068 3899 1145 3974 solo
1177 3900 1321 4000 politica

122 4047 124 4052 ’
204 4017 450 4116 catastrophe,
476 4021 582 4091 etiam
608 4017 752 4090 Clinicis
776 4019 900 4092 studiis
935 4017 1101 4094 Phoebus
1126 4018 1245 4092 denuo
1271 4015 1321 4088 al·

204 4131 304 4207 luxit
330 4137 434 4208 Anno
459 4137 591 4236 quippe
623 4137 714 4208 1803
733 4144 874 4229 (mense
892 4135 1126 4228 Novembris)
1147 4136 1320 4208 Josursus

205 4247 346 4347 Moci,
381 4252 610 4325 theoreticam
636 4253 850 4326 Cathedram
876 4279 958 4330 cum
984 4254 1139 4353 practica
1163 4278 1323 4326 commu·

206 4369 319 4462 tavit,
342 4369 553 4442 Professoris
578 4367 705 4443 Clinici
730 4369 910 4444 Ordinarii
945 4369 1139 4444 honoribus
1175 4384 1211 4443 et
1239 4396 1319 4443 mu·

205 4484 351 4560 neribus
376 4486 570 4585 insignitus.
596 4489 844 4587 Integerrimus
870 4489 956 4585 iste,
991 4511 1032 4560 ac
1067 4513 1165 4562 rarae
1196 4487 1318 4590 probi·
