3158 6116
1310 338 1355 387 aa

213 447 330 545 conj
338 446 455 546 ungit
477 445 721 520 necessitatem
745 439 923 518 viridioris
949 429 1153 531 metionis,
1174 461 1215 510 ac
1232 337 1383 535 proindd

215 579 501 660 augmentum
533 562 744 636 incitationis
780 557 894 633 vitalis
927 557 1104 656 supponit.
1128 595 1179 610 --
1204 553 1382 626 Mediante

219 679 320 754 hac
372 684 579 757 inductione
621 682 667 756 ad
702 679 792 754 illud
831 679 1056 780 pervenimus
1094 674 1383 766 consectarium,

222 800 366 898 quod
393 801 606 900 refrigeratio
631 806 680 892 (a
716 795 837 870 multis
878 821 944 896 pro
980 792 1186 867 debilitante
1225 789 1382 890 potentia

230 913 415 1010 habita)
440 919 514 992 veri
537 915 670 990 stimuli
689 915 831 1016 positivi
854 913 966 985 instar
982 912 1063 1009 agit
1079 909 1143 984 Ast
1155 905 1382 984 membranae

233 1057 436 1133 setosae,
468 1063 532 1110 ceu
568 1017 744 1136 simplices
779 1029 1012 1108 coitductores
1038 1036 1194 1128 (organa
1225 1027 1294 1102 boc
1325 1051 1382 1100 rc·

235 1167 395 1249 spectu
418 1155 535 1254 potius
559 1155 719 1254 passiva)
743 1177 816 1226 nou
840 1163 986 1258 possent
1010 1146 1202 1247 rependere
1225 1135 1382 1221 subtrac-

240 1281 376 1368 tum,
400 1275 466 1346 nisi
490 1257 580 1346 illud
603 1270 745 1346 aliunde
771 1261 996 1371 repeterent,
1024 1281 1061 1340 et
1085 1264 1231 1367 quidem
1254 1261 1301 1338 ab
1325 1277 1394 1338 ex·.

239 1389 477 1464 citatoribus
501 1391 658 1490 (organis
684 1386 1131 1486 tlrermoelcctropoetieis
1148 1381 1382 1474 activis).'Ne·

242 1511 421 1588 cessario
444 1512 562 1610 itaque
587 1508 718 1608 polaris
754 1506 939 1583 conflictus
971 1508 1064 1579 inter
1100 1528 1228 1578 nervos
1261 1517 1299 1580 et
1323 1527 1376 1576 ar-

245 1629 375 1704 terias
399 1629 535 1706 intendi
576 1629 709 1723 debet,
745 1642 786 1700 ut
821 1626 987 1726 requisita
1016 1622 1220 1725 prolicietur
1254 1619 1381 1696 caloris

250 1757 299 1817 et
347 1743 582 1821 electricitatis
620 1741 780 1817 animalis
820 1765 961 1844 penus,
991 1737 1229 1816 mediantibus
1270 1763 1381 1812 mem·

251 1851 389 1938 branis
417 1863 543 1936 serosis
577 1859 840 1960 disperuauda3
873 1885 988 1960 neque
1019 1859 1111 1932 hanc
1145 1857 1380 1930 intentionem

256 1985 455 2083 concipere
479 2007 688 2081 possemne,
712 1983 799 2081 quin
823 1979 928 2054 simul
952 1978 1249 2053 manifestationes
1286 1961 1379 2051 vitae

256 2105 426 2203 partibus
450 2103 617 2178 lacessitis
633 2105 778 2198 insitae,
793 2101 958 2178 videlicet
974 2098 1182 2174 sensibilitas
1199 2099 1379 2197 organica,

258 2246 331 2295 seu
356 2207 638 2317 coenaestbesis,
662 2235 768 2322 atque
792 2219 1007 2296 irritabilitas
1031 2221 1224 2316 arteriosa,
1255 2217 1300 2292 ad
1324 2215 1376 2291 al·

260 2337 394 2414 tiorem
419 2341 615 2440 potentiam
638 2337 843 2415 evehantur.
867 2339 971 2416 Prior
999 2336 1067 2412 sub
1092 2335 1205 2413 forma
1229 2331 1379 2428 doloris,

260 2455 375 2529 altera
389 2455 456 2529 sub
470 2455 582 2530 sonna
598 2455 868 2557 symphoroseos
883 2457 1034 2552 activae,
1045 2453 1103 2529 vel
1116 2479 1218 2527 verae
1233 2451 1379 2553 phlego-

259 2597 345 2648 seos
367 2575 528 2672 exsurgit.
555 2613 607 2631 --
633 2575 692 2647 En
706 2587 829 2650 catena
854 2573 1099 2673 nonogenetica
1123 2573 1216 2644 inter
1234 2571 1378 2670 refrige-

263 2691 362 2762 rium
384 2690 458 2762 cuti
494 2689 713 2785 admissum,
735 2689 860 2763 caloris
897 2703 934 2762 ct
963 2685 1201 2762 electricitatis
1224 2685 1377 2760 subduc·

262 2807 427 2900 tionem,
450 2806 568 2878 nuum
591 2805 637 2880 ad
666 2807 924 2882 restitutionem
958 2803 1154 2906 aequilibrii
1189 2805 1228 2881 iu
1262 2829 1375 2880 mem·

261 2921 383 2997 branis
406 2924 559 3020 ¹serosis,
582 2938 688 3026 atque
721 2939 864 3002 aucum
893 2913 1134 3000 incitationem
1166 2917 1375 3002 efficientiae

262 3031 433 3116 nervosae
457 3056 493 3116 et
517 3043 712 3118 artes-iesse.
736 3083 788 3102 ·-
813 3043 1039 3118 Membranae
1063 3065 1201 3118 serosae
1228 3041 1374 3143 quidem

261 3161 302 3231 in
326 3173 420 3233 statu
444 3159 565 3234 salutis
590 3161 686 3236 nulla
711 3157 895 3236 manifesta
919 3161 1090 3263 praebent
1112 3159 1242 3236 indicia
1262 3161 1374 3234 sensi·

261 3273 427 3371 bilitatis,
452 3277 508 3350 vel
532 3277 797 3374 irritabilitatis3
821 3279 1044 3356 nihilosecius
1062 3293 1181 3354 tamen
1206 3269 1373 3354 relativae

261 3391 470 3490 facultates,
494 3421 557 3469 seu
580 3396 787 3471 idoneitates
818 3395 956 3473 occulte
993 3397 1232 3493 delitescunt,
1266 3411 1378 3497 atque,

260 3513 406 3588 stimulo
440 3515 628 3590 accedente
663 3503 901 3618 provocantur
934 3517 1231 3592 manifestationes
1265 3515 1374 3612 illae,

261 3655 352 3733 quae
376 3635 553 3708 consuetis
578 3635 684 3734 signis
708 3637 746 3709 in
771 3649 1001 3737 conspectum
1024 3621 1224 3736 prodeunt,
1247 3631 1371 3706 dolore

260 3763 410 3850 utpote,
435 3765 471 3824 et
505 3753 669 3827 vividiori
704 3756 853 3829 circuitu
888 3754 1065 3853 sanguinis
1096 3754 1133 3826 in
1168 3749 1371 3825 canaliculis

261 3865 509 3966 capillaribus,
534 3895 645 3968 quum
672 3897 753 3944 vasa
777 3877 910 3972 majora
943 3871 1116 3945 deficiant.
1149 3868 1229 3942 Tali
1264 3869 1373 3968 igitur

260 3987 394 4060 ratione
419 3987 643 4062 membranae
667 3991 885 4065 insensibiles
911 3974 1000 4065 frunt
1014 4001 1160 4064 'summe
1176 3969 1375 4086 sensibiles,

259 4127 341 4176 vasa
365 4104 543 4205 capillaria
567 4098 694 4182 serosa'
709 4121 747 4183 et
769 4109 913 4209 hyalina
939 4111 1030 4183 feurit
1054 4107 1220 4182 arteriosa
1236 4119 1274 4180 et
1289 4131 1371 4179 san-

259 4220 451 4318 guifem‚in
461 4226 608 4324 gratiam
617 4225 777 4300 sublatae
788 4226 1043 4300 indifferentiae
1059 4223 1237 4300 normalis.
1247 4223 1373 4296 Prouti

258 4334 313 4410 vel
337 4337 520 4414 efficientia
546 4368 674 4418 nervea
694 4343 833 4436 (factor
857 4345 1041 4443 negativus
1067 4369 1251 4444 processus
1275 4341 1371 4416 thei-

258 4451 527 4556 mealectn'ci),
553 4460 610 4535 vel
635 4459 815 4538 irritabilis
841 4488 1006 4539 vasorum
1024 4461 1157 4558 (factor
1179 4460 1374 4564 positivus)
