3264 5194
330 337 401 383 rra

320 445 359 504 et
382 425 610 532 paupertina,
634 455 724 532 quae
747 428 930 506 insubriue
952 446 1060 504 terres
1077 431 1181 526 colit,
1205 428 1432 530 particulares

322 574 531 621 concurrere
566 549 870 644 circumstantias,
903 574 995 650 quae
1030 574 1104 622 non
1139 548 1246 622 modo
1272 547 1432 620 altiorem

322 665 483 762 egestatis
509 665 657 764 gradum
680 665 937 760 determinant,
966 667 1223 740 verumetiam
1247 667 1432 768 proprium

322 783 356 856 ei
379 783 590 882 imprimunt
614 783 878 878 characterem,
911 785 960 857 ita
997 797 1039 856 ut
1067 809 1141 857 non
1157 777 1241 856 vsine
1266 789 1342 881 jure
1368 781 1433 854 mi·

322 900 449 975 seriam
485 899 704 976 Insubricam
728 901 926 1002 sperficam
949 901 1066 974 dicere
1091 926 1221 1000 posses.
1251 901 1433 990 Quatenus

297 1043 367 1090 ex
391 1016 501 1090 hocce
526 1015 644 1112 sottte,
668 1043 739 1096 una
764 1043 848 1094 cum
872 1017 1010 1118 injuriis
1045 1015 1229 1096 climaticie
1259 1030 1296 1090 et
1321 1029 1433 1096 atmo-

323 1135 534 1234 sphaericis,
557 1150 696 1236 praeter
720 1135 951 1237 pellagrosam
976 1137 1259 1238 cacotroplriam,
1283 1135 1435 1236 plurime

324 1251 393 1326 elia
427 1255 624 1332 soatmiunt
657 1253 750 1330 mala
786 1253 993 1355 epichorea,
1028 1280 1181 1354 quorum
1218 1255 1433 1326 mentionem

324 1378 397 1474 jam
420 1399 526 1474 supra
551 1374 718 1469 fecimus,
740 1372 887 1448 brevem
911 1373 1084 1448 duntaxat
1106 1373 1349 1475 hypotyposin
1374 1370 1433 1442 tri-

321 1491 496 1570 stissimae
520 1491 643 1586 sortis,
667 1517 757 1592 quae
781 1490 954 1592 populum
981 1504 1212 1592 campestrem
1239 1489 1277 1562 iu
1310 1500 1432 1566 nosco

325 1637 410 1713 agro
435 1611 510 1686 dire
534 1612 686 1713 premit,
710 1611 917 1686 subnectere
942 1637 1016 1686 non
1046 1611 1187 1713 pigebit.

373 1731 446 1804 Sub
470 1732 622 1806 maxima
647 1747 792 1808 naturae
810 1733 849 1806 iu
865 1731 1052 1832 largiendis
1076 1729 1250 1831 segetibus
1273 1743 1311 1802 et
1334 1727 1429 1802 fruc·

325 1849 419 1926 tibus
453 1851 650 1949 fertilitate,
686 1879 876 1954 rerumque
901 1854 1085 1948 omnium,
1115 1877 1206 1952 quae
1229 1850 1433 1950 adprimus

324 1969 418 2043 vitae
453 1971 676 2044 necessitates
714 1984 898 2074 spectant,
932 1969 1177 2064 abundantia,
1211 1966 1328 2042 coloni
1362 1990 1435 2040 non

324 2099 576 2184 paternarum
613 2085 729 2160 bobus
763 2088 856 2182 suis,
894 2099 935 2160 ut
971 2085 1016 2160 de
1039 2085 1156 2187 prisca
1181 2097 1284 2184 gente
1306 2083 1436 2156 occinit

323 2203 434 2283 Poeta
458 2202 681 2298 Venusinus,
705 2202 767 2284 sed
792 2203 904 2280 aliena
929 2202 1109 2304 perpetuis
1133 2199 1313 2275 laboribus
1338 2223 1436 2272 exer·

326 2335 430 2417 cent,
466 2322 608 2422 suisque
644 2320 832 2404 sudoribus
866 2322 1119 2422 impraegnare
1156 2320 1278 2396 Diviso
1296 2317 1437 2420 -quoris

325 2439 542 2539 potentiores
576 2439 669 2518 iuter
704 2453 810 2541 attpue
844 2438 971 2513 (livitus
1006 2435 1233 2538 Reipublicae
1268 2461 1374 2536 agro,
1397 2446 1439 2506 ut

326 2555 443 2632 verbis
477 2555 764 2657 incomparabilis
801 2559 911 2630 Psrm
949 2557 1070 2631 Furnr
1108 2569 1214 2651 utar,
1254 2553 1438 2655 disparitas

328 2671 463 2774 plebeis
487 2672 533 2747 eb
568 2674 652 2774 ipsis
678 2674 845 2776 jumentis
870 2672 939 2748 alia
963 2675 1022 2746 vix
1046 2687 1228 2773 superest,
1252 2673 1320 2748 nisi
1342 2669 1441 2772 quod

328 2793 416 2874 haec
441 2793 673 2892 praecedant,
707 2793 918 2895 bahanupue
935 2845 938 2854 -
954 2807 1089 2890 aratra,
1124 2791 1379 2891 illi-dirigent,
1403 2803 1440 2863 et

327 2928 530 3013 sequantur.
555 2915 801 3012 Possessores,
830 2914 963 2988 reditus
991 2940 1073 2988 suos
1098 2913 1286 3015 quotemris
1310 2917 1436 3012 augere

326 3030 529 3129 studentes,
562 3032 857 3133 praediorumque
891 3032 1123 3107 conductores
1158 3045 1195 3105 et
1228 3030 1366 3125 villici,
1398 3043 1439 3102 ut

326 3151 510 3231 avaritiam
535 3150 670 3227 domini
695 3151 881 3253 expleant,
905 3151 1041 3251 sibique
1066 3149 1173 3232 simul
1196 3150 1436 3252 prospiciant,

327 3265 560 3340 ruricolarum
584 3267 727 3344 serviles
750 3267 911 3363 labores,
934 3268 992 3342 vel
1017 3268 1133 3347 dicam
1163 3268 1281 3368 potius
1307 3265 1438 3340 manci·

329 3383 493 3483 piorum,
518 3385 621 3458 unice
637 3385 675 3458 iu
692 3385 872 3486 propriam
888 3399 1101 3460 convertunt
1117 3385 1326 3481 utilitatem,
1341 3381 1439 3470 nullo

330 3527 473 3604 prorsus
498 3503 545 3586 ad
568 3530 692 3580 eorum
717 3504 889 3601 salutem,
923 3505 981 3579 vel
1011 3506 1148 3606 privata
1174 3503 1361 3580 commoda
1384 3529 1438 3576 re·

330 3634 454 3720 spectu
478 3620 620 3718 habito,
644 3623 802 3722 graviore
828 3649 934 3721 sane,
966 3649 1074 3722 quam
1099 3623 1268 3698 exhauste
1292 3615 1450 3723 corpora¹

331 3740 422 3825 sene
446 3757 614 3842 possum,
638 3769 784 3818 munera
808 3743 1034 3844 imponendo.
1060 3744 1159 3818 Heu!
1184 3769 1293 3846 quam
1317 3739 1439 3844 deplo-

309 3857 440 3937 -randa
464 3859 623 3940 conditio
648 3887 793 3956 eorum,
817 3861 879 3962 qui
904 3875 1010 3935 tenue
1036 3860 1176 3936 lucrum
1200 3863 1365 3961 propriae
1383 3885 1441 3933 ne-

330 3975 416 4050 dum
442 3975 655 4072 valetudini,
679 4005 805 4055 verum
831 3979 922 4054 vitae
947 3980 1054 4053 ctiam
1079 3993 1293 4081 anteponere
1309 4001 1441 4076 cogim-

329 4098 408 4170 tur!
423 4135 474 4152 ·-
490 4092 627 4187 Quodsi
652 4079 724 4196 jam
748 4111 916 4172 consueta
939 4095 1191 4198 agricultorum
1214 4095 1352 4191 officia,
1375 4093 1444 4168 sub'

330 4211 454 4307 quavis
489 4209 578 4284 coeli
614 4211 822 4312 intemperie
856 4215 1092 4315 perficienda,
1125 4211 1281 4287 notabile
1313 4212 1443 4286 virium

330 4326 555 4426 dispendium
589 4327 781 4424 inducant,
817 4329 930 4404 multo
965 4335 1098 4430 majora
1123 4329 1325 4402 discrimina
1350 4329 1442 4429 parit

332 4461 514 4549 pratorum
524 4449 755 4552 irriguorum,
770 4464 808 4526 ot
822 4452 1028 4556 praesertim
1039 4451 1279 4554 oryaau'orum
1295 4449 1441 4530 cutum.
