3264 5194
1215 353 1282 456 157

177 479 363 556 tertianam
401 471 541 552 dnobus
578 469 707 546 abhinc
752 473 853 545 annis
900 467 1046 548 feliciter
1072 462 1287 584 ¹superatam

137 637 145 652 =
176 598 375 700 exceperis,
398 609 470 670 tres
494 606 576 667 ante
611 589 873 690 hebdomadas,
907 611 991 668 cum
1021 607 1286 696 vesperascente

175 717 233 792 die
257 741 322 818 per
346 738 446 813 agros
471 710 564 784 curis
588 733 720 784 vacum
745 707 1027 808 deambulasset,
1050 738 1071 784 a
1104 739 1190 786 caue
1212 735 1288 786 mo-

174 836 270 912 losso
292 831 468 906 insiliente
491 829 540 902 ita
565 825 848 930 perterrebatur,
873 841 913 902 ut
938 825 1142 903 festinanter
1168 829 1287 928 lugam

176 964 332 1055 peteret,
356 948 573 1048 domumque
598 944 748 1042 rediret,
772 944 1014 1044 gemebundus
1038 973 1079 1020 ac
1104 959 1181 1022 tote
1201 971 1288 1020 con·

56 1099 63 1110 ·
177 1074 382 1148 tremiscens
406 1093 563 1170 corpore.
588 1063 720 1144 Totam
735 1077 877 1141 noctem
899 1067 992 1140 inter
1006 1066 1135 1172 pavida
1152 1081 1287 1142 manse-

177 1193 228 1290 git
260 1187 456 1281 insomnia,
490 1209 555 1287 per
594 1184 690 1260 vices
720 1183 1004 1286 expergefactus,
1039 1199 1077 1259 et
1112 1182 1289 1286 profunde

176 1311 321 1384 infixam
361 1305 558 1382 infestantis
592 1303 725 1378 bestiae
765 1305 954 1405 imaginem
989 1305 1164 1383 continuo
1201 1327 1288 1407 prae

177 1425 289 1502 oeulis
312 1422 456 1502 hahens.
482 1419 690 1496 sublucanis
715 1419 810 1495 horis
835 1421 979 1521 praevio
1004 1419 1172 1518 elamore,
1194 1421 1290 1496 canis

176 1543 343 1618 latratum
366 1541 521 1644 perlecta
546 1537 765 1636 aemulante,
781 1564 903 1612 sensus
925 1537 1115 1640 derepente
1137 1541 1291 1637 amittit,

177 1661 358 1738 dirissimis
382 1685 447 1760 per
469 1683 582 1758 pauca
606 1670 787 1734 momenta
811 1658 961 1755 agitatur
986 1655 1290 1754 convulsiouibus,

176 1777 363 1880 superstite
387 1774 593 1876 stupiditate
617 1771 786 1852 adtonita.
808 1772 944 1846 Eadem
960 1771 1027 1847 sub
1053 1774 1166 1850 forma
1195 1799 1291 1848 mor·

178 1891 245 1966 bus
269 1890 428 1994 quetidie
452 1887 588 1986 semel,
627 1887 727 1964 hisve
762 1889 915 1986 invadit,
955 1891 1107 1964 maxime
1138 1891 1168 1964 si
1192 1892 1291 1964 canis

178 2013 363 2117 cujusdam
386 2013 516 2087 intuitu
540 2011 719 2112 primitiva
735 2011 919 2112 impressio
944 2011 1057 2086 fatalis
1082 2025 1290 2109 revocatur,

179 2133 266 2234 quin
289 2145 409 2208 tamen
434 2127 531 2206 alind
554 2127 910 2230 (prodpiam,praeter
933 2155 1109 2205 summum
1120 2129 1291 2204 timidita-

180 2263 273 2347 tem,
289 2251 505 2352 experiretur
519 2247 796 2324 incommodum.
822 2247 1040 2324 Peculiarem
1066 2251 1200 2326 hancce
1217 2255 1292 2352 epi-

179 2369 306 2472 lepsiae
329 2369 550 2466 varietatem,
573 2369 632 2442 cui
655 2367 806 2442 similem
836 2369 916 2442 Vsu
941 2370 1102 2444 Swrrzras
1128 2371 1292 2452 recorda·

179 2501 257 2584 tur,
279 2483 598 2590 cyrsantlnopicam
631 2489 816 2562 nominare
856 2513 930 2562 non
971 2488 1171 2590 displicuit,
1203 2515 1294 2592 puer

180 2609 276 2682 enim
300 2607 451 2708 repetito
475 2605 628 2702 latratu,
652 2632 724 2708 quo
759 2605 887 2706 singuli
925 2607 1154 2684 ordiebantur
1189 2635 1293 2710 paro·

181 2728 323 2828 xysmi,
346 2753 384 2800 se
409 2739 527 2800 totum
550 2723 630 2798 idea
660 2725 757 2799 uanis
788 2723 898 2812 veluti
929 2751 1117 2826 pervasum
1147 2725 1295 2801 demon·

181 2843 324 2920 strabat.
347 2883 400 2912 -ε
428 2844 562 2920 Curam
591 2839 650 2916 dle
673 2865 709 2942 9.
743 2841 949 2917 Decembris
984 2842 1180 2944 incepimus
1211 2867 1295 2919 cum

182 2959 442 3062 purgantibus,
466 2983 615 3062 eamque
649 2958 862 3060 pertissimus
894 2987 976 3035 oum
1007 2963 1190 3059 nervinis,
1214 2989 1295 3064 spe·

182 3080 303 3152 ciatim
329 3104 412 3151 cum
437 3076 555 3152 infuso
579 3075 707 3154 radicis
730 3075 959 3176 Valerianus,
983 3094 1020 3153 et
1035 3077 1179 3154 floribus
1196 3081 1295 3156 Zinci

183 3195 230 3268 ad
254 3219 360 3294 grana
384 3219 465 3290 sex,
488 3193 600 3267 serius
624 3193 671 3268 ad
695 3191 884 3268 duodecim
913 3195 1005 3272 intra
1023 3195 1296 3298 nyutheurerum

183 3311 363 3414 porrectis.
389 3311 556 3386 Cavimus
586 3309 694 3386 simul
733 3309 779 3385 ab
820 3310 888 3384 illis
930 3311 1245 3414 impressionibus,
1272 3339 1296 3388 e

183 3427 312 3532 quibus
335 3453 463 3531 cuspus
487 3423 702 3504 oebeesenter
729 3433 857 3504 nsoseri
885 3443 921 3502 et
946 3429 1165 3531 minuturi,
1188 3447 1298 3535 atque

184 3554 223 3622 in
246 3551 533 3622 mnuisiseentium
557 3545 670 3626 morbi
692 3547 813 3648 referri
831 3553 1028 3650 punisset,
1052 3575 1157 3650 grave
1187 3549 1298 3624 hocce

184 3667 315 3740 sumrni
340 3665 475 3740 Gaurus
500 3667 677 3740 monitum
700 3679 923 3761 venerantes,
947 3667 1009 3768 qui
1043 3691 1298 3769 paroxysrnum

185 3785 490 3859 recrudescentem
514 3783 662 3885 pulchre
688 3797 870 3885 comparat
893 3799 1081 3859 renovatae
1105 3786 1205 3886 qnasi
1223 3811 1299 3858 me·

185 3905 318 3978 moriae
342 3901 476 3976 silentis
501 3915 604 3975 antea
628 3899 866 4003 dispositionis
891 3901 1107 4004 epilepticus.
1125 3904 1220 3976 Citra
1238 3927 1301 3978 no-

185 4037 295 4094 stram
319 4019 599 4120 expectationem
636 4019 802 4093 morbum
840 4021 955 4122 spatio
996 4019 1121 4093 mecm
1161 4019 1301 4095 dierum

186 4139 347 4240 protinus
364 4137 572 4239 dissipatum
588 4135 762 4232 vidimus,
787 4135 871 4210 licet
886 4135 966 4218 ideo
983 4133 1192 4236 pueroulum
1213 4159 1301 4210 non·

186 4257 274 4332 dum
297 4256 343 4332 ab
368 4257 466 4334 omni
491 4255 663 4332 recidivae
689 4269 787 4331 metu
812 4255 1012 4332 absolutum
1037 4255 1300 4332 crediderimus.

184 4411 188 4418 ·
236 4371 351 4447 Aliam
375 4373 520 4448 demum
546 4373 694 4450 sormam
719 4375 902 4478 epilepsiae
926 4373 1056 4450 obtulit
1085 4373 1302 4474 adolescens,

188 4491 272 4566 arus
297 4491 467 4568 textrinae
493 4505 589 4596 tyro,
614 4493 769 4598 quinque
795 4493 987 4574 lustravi:
1018 4517 1202 4591 emensus,
1238 4494 1300 4596 qui
