3264 5194
283 12 407 62 verum
432 1 509 64 etta
561 3 734 91 impactus
763 3 843 65 ster
870 2 1111 91 ympatreus,
1135 15 1299 66 vesonam
1324 9 1384 64 ca·

281 106 459 206 pillarium
483 135 550 208 ope
565 110 602 182 in
619 109 785 183 blennam
809 135 1014 204 conversos,
1038 108 1258 205 eliminatur,
1279 124 1385 210 atque

281 224 551 324 hydrothoracis
575 245 648 302 non
672 228 808 322 minus,
824 252 931 327 quem
955 226 1215 326 suppurationis
1240 239 1276 298 et
1300 225 1386 302 scle-

282 343 426 416 romatis
456 343 568 421 exitus
604 357 863 417 averruncetur.
898 344 1066 417 Pervieax
1096 345 1186 416 cutis
1222 344 1387 436 siccitas,

282 472 319 530 et
348 473 533 560 sputorum
556 462 727 560 penuria,
750 459 807 536 vel
831 460 1029 562 suppressio
1053 461 1091 532 in
1122 460 1258 534 cunctis
1292 459 1386 559 perl-

283 577 525 674 pneumoniis,
543 591 580 650 et
593 579 781 678 praecipue
796 579 835 650 in
851 573 1233 672 catarrbalibus,u1ala
1249 601 1387 677 semper

284 691 384 764 nobis
409 692 580 792 praebent
603 696 756 793 auguria.
974 773 976 778 ,

332 807 447 882 Probe
471 813 584 910 gnari,
607 811 712 887 hasce
737 812 812 886 vias
834 809 956 884 salutis
974 810 1077 882 unice
1093 822 1239 882 naturae
1254 807 1390 882 viribus

285 932 409 1029 aperiri
433 956 562 1031 posse,
585 946 741 1010 nostram
766 957 888 1008 curam
922 929 1067 1003 solerter
1102 952 1145 1003 ec
1180 928 1396 1032 dirigimus,

284 1064 325 1122 nt
349 1052 541 1126 mactiones
567 1050 690 1126 vitales
724 1075 930 1150 suppressae
957 1048 1194 1141 (creberrima
1229 1073 1388 1122 arescen-
1440 1127 1443 1136 ,

285 1172 372 1244 tium
390 1170 542 1244 sontium
557 1170 761 1242 animalium
772 1171 810 1244 in
826 1167 957 1242 morbis
969 1166 1246 1242 inflammatoriis
1264 1175 1389 1258 causa)

284 1284 502 1381 liberentur,
526 1286 582 1360 vel
607 1289 636 1358 si
661 1285 809 1383 languor
833 1299 869 1362 et
892 1287 1019 1360 inertia
1043 1285 1237 1382 succedat,
1271 1285 1389 1358 debita

284 1404 594 1504 circumspectione
619 1403 885 1502 inrigorentur,
908 1403 946 1476 id
970 1417 1049 1499 est,
1073 1417 1113 1482 ut
1137 1406 1175 1482 in
1199 1417 1393 1506 systemate

283 1545 449 1593 vasorum
473 1518 691 1618 capillariam
715 1519 902 1597 viridiores
930 1521 1155 1596 concitentur
1177 1523 1390 1596 contractio«

283 1665 372 1735 nes,
395 1641 482 1738 quin
506 1639 683 1737 sanguinis
708 1640 957 1713 circumeunn's
973 1667 1151 1738 orgasmus
1168 1641 1388 1718 incendatur.

283 1761 326 1830 ln
359 1761 476 1859 primo
500 1785 583 1832 casu
616 1759 924 1854 venaesectiones‚
959 1758 1108 1834 lotiones
1146 1758 1317 1858 frigidae,
1353 1774 1390 1834 et

283 1901 429 1975 vapores
454 1873 670 1949 emollientes
695 1901 757 1950 ore
781 1877 942 1978 aspirati,
958 1877 995 1950 in
1012 1876 1168 1952 secundo
1185 1878 1393 1972 vesieantia,

283 1994 462 2091 Calomel,
478 2009 515 2068 et
530 1995 778 2070 Antimonialia
802 2022 939 2070 summe
964 1996 1117 2072 efficacia
1132 1997 1235 2072 nobis
1252 2023 1390 2098 semper

284 2114 426 2188 suerunt
449 2113 687 2214 diaphoretica
711 2127 748 2188 et
772 2113 1041 2190 anacathartica.
1066 2115 1131 2196 llis
1155 2113 1317 2210 ultimis,
1339 2116 1393 2188 in·-

285 2232 451 2330 terposito
476 2257 543 2302 usu
556 2229 756 2329 pulverum
780 2230 943 2325 Dovveri,
970 2231 1103 2330 pariter
1137 2255 1219 2302 cum
1254 2228 1389 2304 emolu-

283 2359 403 2420 mento
428 2346 482 2417 usi
506 2371 654 2440 sumus,
678 2345 715 2417 iu
750 2345 986 2444 pertinacibus
1017 2344 1087 2418 illis
1123 2343 1393 2420 hlennorrhoeis

283 2461 513 2562 pulmonum,
536 2461 694 2562 phthisin
718 2463 923 2562 pituitosam
939 2487 1105 2564 persaepe
1121 2461 1392 2559 simulantibus,

284 2582 321 2652 in
345 2605 432 2680 quas
458 2579 527 2653 lere
551 2605 674 2654 omnes
698 2579 802 2680 hujus
818 2581 947 2656 mensis
963 2581 1250 2680 pneumonitidea
1271 2580 1393 2655 abivea

283 2711 375 2770 runt.
401 2695 473 2769 Ubi
496 2695 729 2798 pleurodynia
754 2721 871 2773 comes
896 2711 991 2792 erat,
1015 2723 1094 2771 eam
1109 2697 1210 2798 quasi
1226 2709 1387 2773 constan-

158 2893 161 2898 ,
201 2797 204 2804 ⁵
284 2829 337 2888 ter
360 2817 540 2894 sinistrum
564 2814 655 2892 latus
680 2817 877 2892 excruciere
901 2815 1081 2913 vidimus,
1111 2841 1253 2896 eausam
1277 2817 1387 2918 plrae-

284 2936 426 3009 nomeni
451 2933 556 3036 hujus
581 2934 619 3007 in
649 2934 749 3008 lienis
783 2947 1018 3036 pareetamate
1053 2949 1287 3036 quaerentes,
1318 2963 1395 3038 quo

283 3055 387 3154 pauci
412 3051 581 3151 agricolae
605 3053 778 3126 immunes
804 3078 879 3127 esse
904 3067 1170 3128 consueverunt

334 3172 529 3244 Innumeris
554 3169 854 3246 observationibus
879 3170 1033 3245 evictum
1058 3156 1134 3268 est,
1162 3171 1389 3244 circumstan-

284 3292 368 3385 tias,
385 3316 482 3390 ,quae
494 3286 616 3390 febres
640 3293 898 3364 intermittentes
921 3289 1092 3385 invitant,
1117 3287 1162 3362 ab
1186 3287 1276 3383 illis,
1299 3315 1390 3389 quae

282 3412 459 3481 continuis
482 3409 771 3508 patrocinantur,
795 3405 1023 3480 essentialiter
1047 3405 1212 3502 differre,
1236 3409 1310 3482 sive
1331 3407 1390 3486 de·

283 3551 382 3598 mum
406 3524 664 3620 individuales,
688 3527 762 3600 sive
787 3523 999 3598 universales
1024 3523 1164 3598 luerint
1181 3525 1234 3598 Ita
1256 3527 1391 3625 priores

282 3645 609 3742 aequinoctiorum,
631 3642 839 3743 posteriores
872 3639 1101 3717 solstitiorum
1131 3639 1272 3748 soboles
1299 3641 1392 3715 ordi·

283 3762 398 3834 narios
423 3787 521 3857 esse,
544 3787 649 3836 nemo
674 3759 909 3860 practicorum
933 3759 1080 3858 ignorat
1104 3755 1236 3858 ¹Solent
1271 3770 1391 3832 autem

281 3897 319 3956 et
341 3883 454 3976 istae,
478 3897 514 3955 et
537 3881 616 3955 iflae
643 3895 740 3955 tanto
766 3881 973 3954 meraciores
997 3878 1202 3973 observari,
1226 3901 1303 3978 quo
1318 3903 1391 3955 me·
1438 3907 1440 3914 ’

281 4000 333 4100 gis
357 3996 566 4080 hebetantur
582 3999 799 4080 conditiones
816 3995 1004 4095 adversae,
1025 4009 1061 4070 et
1077 4021 1152 4098 quo
1167 3994 1247 4099 plus
1265 4010 1390 4072 contra
