3228 5166
220 487 260 552 at
283 467 409 552 urbem
431 498 587 556 unacum
610 471 767 560 ,finitimis
791 468 943 572 praediis
978 467 1167 570 caliginoso
1203 467 1327 554 nimbo

219 585 474 668 circumdatam
497 617 539 666 ac
564 590 637 666 fure
661 587 835 690 sepultam
852 613 994 682 cemas3
1018 587 1107 660 sudo
1124 585 1223 661 coelo
1240 611 1328 662 cum
1408 637 1413 644 -

216 709 355 784 Aurora
378 705 551 784 duntaxat
565 731 772 800 reversuro,
795 717 985 804 postquam
1001 702 1192 784 nebulosus
1210 701 1328 775 sumus

217 823 257 898 in
280 837 419 923 gratum
443 849 561 899 rorem
579 821 847 918 condensatus,
876 819 935 896 vel
969 819 1016 902 ad
1050 819 1200 901 nubium
1223 845 1329 918 regna

218 939 331 1024 elatus
356 940 469 1026 suant
505 940 701 1020 Maximum
732 963 816 1012 vero
851 935 1000 1036 gradum
1024 935 1237 1018 nanciscitur
1260 933 1330 1012 soli
1420 991 1425 1000 ·

219 1071 257 1130 et
292 1057 557 1158 atmoaphaerae
591 1055 782 1136 humiditas
824 1067 974 1138 exeunte
1011 1051 1217 1150 autumno,
1257 1077 1330 1152 quo

219 1175 334 1274 ningit
348 1177 386 1250 in
403 1175 605 1272 montibus,
629 1174 721 1276 pluit
736 1177 774 1247 in
786 1171 953 1276 planitie,
976 1171 1187 1274 nivibusque
1204 1170 1330 1272 alpinis

218 1319 386 1394 persaepe
410 1295 601 1394 improvise
625 1319 667 1366 ac
692 1293 897 1366 festinanter
925 1289 1069 1387 solutis,
1097 1317 1270 1392 aquarum
1295 1303 1332 1368 et
1368 1299 1373 1310 “

215 1409 403 1492 fluminum
426 1410 537 1492 molas
562 1411 764 1513 ubicunque
787 1411 959 1486 increscit.
983 1411 1054 1488 Pe'r
1086 1409 1205 1511 plures
1233 1409 1330 1507 dies,

217 1530 332 1611 immo
356 1555 421 1632 per
445 1529 685 1606 hebdomadas
702 1530 927 1606 densissimae
943 1527 1093 1608 nebulae
1108 1529 1332 1608 Ticinensem

217 1648 428 1726 sonuissent
453 1673 596 1748 agnnu,
619 1645 797 1748 talemque
832 1673 937 1747 saepe
968 1645 1090 1720 ibvent
1120 1645 1332 1745 caliginem,

216 1782 260 1844 ut
274 1781 483 1868 perpetuam
498 1793 661 1868 argueres
673 1766 762 1842 Solis
780 1765 934 1867 eclipsin.
945 1765 1075 1840 Noctes
1093 1766 1331 1865 frigescentes,

218 1911 260 1958 ac
284 1885 397 1960 indies
420 1886 530 1985 magis
554 1884 747 1986 productas
772 1910 1157 1985 vaporumaqueorum
1173 1885 1328 1960 interdiu

104 2003 107 2008 ’
219 2003 450 2078 formatorum
465 2001 663 2078 donnationi
679 2003 884 2103 cumprimis
901 2003 1175 2101 patrocinantur.
1194 2003 1331 2102 Hygm-

217 2133 373 2216 metrum
389 2133 473 2196 tunc
490 2120 631 2196 nomusi
647 2145 727 2194 raro
744 2119 837 2192 inira
853 2119 957 2194 60.um
976 2119 1122 2220 gradum
1139 2117 1331 2214 delabitur,

218 2251 273 2312 ast
305 2262 379 2313 non
401 2237 649 2340 'intiequenter
673 2253 777 2337 9ο.ιιΙΙΙ
805 2253 999 2339 exsuperat
1023 2239 1069 2312 Ni
1094 2238 1192 2312 venti
1216 2237 1330 2338 impe·

219 2355 388 2434 tuosiores
422 2355 468 2430 ab
504 2357 613 2432 Arcto
646 2358 819 2458 spirantes
845 2355 986 2432 coelum
1010 2339 1174 2430 everrant
1184 2360 1201 2451 ,'
1223 2357 1326 2428 incu-
1391 2380 1397 2402 ·

220 2473 344 2548 bantes
368 2473 518 2548 nebulae
542 2476 581 2549 in
604 2475 811 2550 Januanum
837 2501 995 2550 mensem
1021 2502 1131 2577 usque
1147 2477 1330 2577 pon-igun-

217 2605 297 2689 tur,
320 2617 432 2704 eoque
450 2591 642 2676 crebriores
659 2619 735 2668 esse
752 2608 1010 2689 consuescunt,
1030 2618 1102 2694 quo
1118 2592 1330 2694 copiosiores

216 2710 367 2812 pluviae
390 2753 443 2786 -e
467 2713 584 2805 Quam
610 2713 771 2796 homiues
796 2729 833 2801 et
856 2713 1010 2814 pecudes
1034 2715 1074 2786 in
1091 2711 1329 2788 Occidentalis

216 2825 340 2902 Indiae
363 2827 508 2926 insulis,
532 2829 673 2907 mettis
697 2829 820 2923 dictis,
845 2829 1040 2906 uvidissimi
1058 2827 1208 2906 climatis
1225 2853 1330 2902 causa

216 2948 464 3047 experiuntur,
494 2946 686 3048 adipsiam,
721 2962 861 3047 egomet
896 2949 993 3047 ipse,
1026 2945 1188 3020 novellus
1213 2945 1330 3018 Ticini

218 3061 360 3159 accola,
395 3064 435 3136 in
470 3090 530 3136 me
564 3079 728 3165 expertus
765 3091 866 3162 sum,
902 3065 1027 3168 quovis
1065 3091 1159 3138 atino
1188 3063 1330 3144 labente

218 3195 389 3270 autumno
413 3182 584 3257 hactenus
609 3183 790 3284 experior,
813 3198 919 3286 atque
943 3185 982 3256 in
1006 3183 1083 3256 aliis
1108 3185 1216 3258 etiam
1240 3184 1331 3260 indi,

218 3299 334 3380 viduis
358 3299 544 3376 observare
569 3304 692 3402 potui,
716 3304 1069 3404 improportionatam
1087 3317 1234 3406 stupens
1251 3303 1329 3380 lotii

218 3417 379 3518 cupiam,
402 3415 462 3506 iila
478 3417 745 3518 potulentus-um
762 3419 872 3520 duplo
888 3419 989 3494 facile
1006 3421 1233 3522 superiorem.
1250 3421 1331 3498 Hoc

216 3535 487 3638 phaenomenun
503 3538 663 3638 proiecto
686 3539 944 3641 Pyrrhonicam
960 3537 1227 3614 haesitationem
1243 3567 1329 3641 quo

217 3655 381 3742 rumdam
405 3655 645 3755 medicorum,
673 3659 765 3738 circa
801 3657 1005 3746 facultatem
1019 3685 1023 3692 ·
1036 3659 1126 3739 cutis
1150 3658 1329 3758 bibulam,

217 3772 403 3874 dispellere
426 3773 550 3875 procul
575 3775 685 3851 dubio
710 3775 851 3858 valebit

266 3893 303 3964 Si
328 3917 490 3966 menoses
516 3893 666 3994 excipias
684 3895 801 3968 Ticini
817 3895 931 3982 amnis
952 3894 1066 3995 ripas,
1089 3891 1238 3982 hemma
1254 3893 1328 3992 agri

216 4009 328 4100 nosci
365 4010 534 4092 continuo
570 4011 673 4086 udori
708 4011 896 4112 analogum
936 4013 1121 4108 invenies,
1160 4013 1328 4112 pinguem

215 4137 362 4226 utpote,
386 4139 567 4223 tenacem,
584 4141 799 4224 cretaceum,
821 4127 1021 4228 argillosum
1036 4183 1045 4220 ‚
1061 4126 1228 4212 lateribus
1245 4152 1334 4200 corn
1419 4141 1422 4146 “

214 4245 374 4330 finiendis
397 4244 589 4342 idoneum,
613 4273 633 4320 e
658 4260 750 4322 terra
767 4247 985 4344 aluminosa,
1008 4243 1146 4341 silicea,
1170 4257 1207 4322 et
1231 4241 1327 4332 culce

215 4361 404 4448 carbonata
422 4361 635 4466 conflatum,
654 4367 918 4465 quem,Pr1rno
935 4377 1146 4467 praeeunte,
1162 4363 1328 4462 Margum

78 4544 82 4554 .
213 4477 395 4580 vocitant,
419 4479 514 4568 uude
539 4479 695 4564 italicum
721 4481 863 4572 illerum.
889 4482 981 4560 Huic
1006 4493 1151 4562 naturae
1177 4479 1324 4572 solite·
