3148 5170
261 349 334 444 246

258 473 391 548 detenti
418 473 454 544 in
483 477 606 548 nostro
631 447 770 544 Cllriico
798 479 995 544 extremum
1022 465 1214 544 obiverunt
1244 466 1381 566 diem,

258 593 362 664 unius
394 591 602 686 historiam,
642 588 822 662 mentione
860 573 957 662 haud
990 611 1134 689 prorsus
1168 586 1381 688 indignam,

257 712 350 784 inter
375 709 534 784 funebria
559 709 734 782 narraturi
758 731 891 782 sumus.

307 827 343 898 Si
369 828 491 900 aestivi
517 825 672 900 fervores
697 825 876 902 insuetum
911 821 1098 923 adtingunt
1133 821 1306 924 gradum,
1334 847 1381 894 ac

260 947 346 1018 citra
384 965 519 1017 morem
555 942 833 1044 protrahuntur,
866 939 973 1014 nullis
1014 941 1186 1015 imbribus
1223 939 1380 1041 placati,

258 1079 406 1137 cuuctae
431 1063 512 1135 illae
536 1063 574 1134 in
614 1075 737 1136 nostro
772 1061 971 1160 organismo
1008 1059 1223 1136 evolvuntur
1256 1073 1379 1132 meta-

259 1183 484 1284 morphoses,
507 1203 594 1284 quas
618 1183 656 1255 in
689 1183 789 1256 terris
818 1182 963 1283 tropicis
992 1206 1131 1254 summe
1159 1180 1379 1282 perniciosas

258 1303 334 1377 lues
359 1304 554 1405 producere
577 1305 752 1378 novimus.
777 1301 859 1376 Non
883 1301 1000 1376 solum
1024 1303 1154 1377 virium
1181 1300 1291 1374 robur
1320 1304 1380 1374 in-

259 1419 391 1494 ellabili
417 1421 525 1496 modo
549 1422 785 1521 prosternitur
808 1438 850 1493 ac
874 1412 1142 1522 pessumdatur,
1171 1419 1235 1494 sed
1264 1421 1379 1492 etiam

259 1564 447 1638 processus
467 1537 814 1639 organico-plasticus
839 1539 973 1612 corruit
996 1537 1064 1612 sab
1099 1536 1287 1640 tyrannide
1310 1563 1378 1611 ex·

261 1657 383 1730 cessivi
406 1655 544 1752 caloris,
560 1657 784 1752 anancmiac,
809 1651 1045 1728 electricitatis
1069 1656 1271 1754 negativae,
1300 1653 1377 1728 ele-

260 1788 532 1874 mentorumque
548 1772 838 1874 phlogisticorum
854 1769 1107 1868 redundantia,
1123 1771 1169 1844 ad
1184 1771 1380 1872 pessimam

261 1891 409 1964 tendens
434 1891 675 1992 liquationem.
693 1891 767 1964 Sub
784 1885 846 1964 tali
863 1915 982 1964 rerum
1006 1904 1100 1965 statu
1122 1891 1379 1984 miasmaticos,

177 2046 183 2056 ·
260 2011 371 2084 immo
396 2023 433 2082 et
457 2012 676 2110 contagiosos
715 2003 855 2084 fomites
897 2011 1080 2107 extricari,
1113 2009 1197 2083 satis
1233 2007 1379 2082 abunde

262 2141 483 2228 compertum
508 2143 571 2200 est.
596 2127 720 2228 Neque
745 2127 790 2201 ab
816 2128 914 2202 omni
938 2125 1137 2229 suspicione
1167 2125 1378 2202 virulentiae

261 2249 437 2320 immunes
463 2244 676 2319 credidimus
702 2245 790 2320 duos
822 2240 900 2319 illos
932 2239 1037 2318 febris
1066 2243 1378 2319 biliosa-nervosae

262 2383 384 2461 casus,
408 2387 491 2437 cum
516 2363 634 2436 omnia
660 2361 882 2436 exhibuerint
906 2375 1169 2465 symptomata,
1198 2385 1289 2464 quae
1314 2375 1377 2462 ty-

262 2481 342 2583 phis
367 2480 527 2581 malignis
553 2482 694 2582 propria
720 2500 795 2555 esse
820 2481 944 2556 solent

311 2599 473 2674 Arduum
497 2622 580 2672 sane
606 2614 682 2674 erat
707 2597 910 2702 problema,
946 2603 1076 2701 justam
1112 2599 1150 2672 in
1189 2593 1377 2672 medendis

263 2711 370 2814 hujus
407 2717 538 2791 mensis
574 2711 729 2791 febribus
771 2717 930 2793 invenire
971 2737 1144 2792 normam
1181 2715 1236 2790 Ab
1274 2717 1378 2788 initio

264 2835 474 2912 methodum
494 2861 497 2866 ·
514 2835 641 2910 leniter
684 2835 1030 2938 antipblogisticam,
1069 2849 1106 2910 et
1146 2847 1380 2911 evacuantem

265 2954 429 3056 amplecti
455 2953 662 3056 oportebat,
686 2968 765 3028 tum
790 2955 887 3056 quod
911 2950 1096 3028 manifesta
1113 2949 1381 3027 intercedebant

266 3071 471 3146 universalis
496 3072 700 3146 imitationis
725 3073 840 3172 signa,
863 3085 941 3146 tum
958 3071 1055 3174 quod
1071 3072 1199 3146 omissa
1221 3069 1381 3145 sordium

266 3187 455 3263 eductione
485 3187 592 3262 febris
627 3188 793 3264 resolutio
829 3191 961 3291 sperari
995 3187 1220 3290 nequivisset
1244 3189 1291 3262 At
1321 3213 1381 3261 sa-

266 3302 374 3378 burra
398 3303 532 3379 nedum
557 3329 700 3379 excussa
712 3361 723 3406 ,
747 3311 819 3410 jam
844 3321 955 3380 statua
980 3328 1151 3382 nervosus
1187 3319 1294 3408 caput
1318 3331 1381 3379 ex-

269 3418 371 3516 tulit,
395 3445 535 3494 summo
561 3424 749 3496 comitatus
774 3413 953 3524 languore.
978 3423 1100 3517 Quum
1116 3425 1261 3500 veroin
1278 3448 1382 3498 cxor-
1465 3421 1474 3438 '

269 3537 329 3612 dio
369 3537 607 3638 apodicticum
645 3541 816 3641 judicium
851 3541 1008 3644 prolerre
1044 3568 1119 3616 non
1153 3541 1309 3639 licuerit,
1333 3565 1381 3614 au

268 3659 361 3740 §res
386 3655 510 3732 vitales
535 3654 682 3733 obrutae
707 3673 846 3733 tantum
872 3657 1002 3734 fuerint
1027 3657 1217 3754 (debilitas
1232 3685 1382 3735 nervosa

268 3779 386 3879 spuria
403 3783 436 3874 ),
460 3801 506 3849 an
523 3793 647 3852 contra
662 3777 830 3855 deleterio
847 3779 1003 3881 quodam
1025 3781 1199 3882 principio
1221 3803 1383 3881 pessum·

270 3893 373 3971 datae
398 3910 435 3968 et
459 3893 660 3995 conlectae,
684 3893 782 3971 illam
806 3898 899 3971 inter
934 3911 1087 3971 caeteras
1122 3895 1288 3971 medendi
1324 3923 1382 3970 ra-

269 4019 403 4091 tionem
429 4015 641 4090 tutissimam
666 4041 740 4092 esse
766 4014 1013 4114 decrevimus,
1049 4041 1141 4118 quae
1165 4016 1202 4089 in
1237 4017 1384 4118 ancipiti

269 4133 425 4234 compito
443 4156 507 4207 nos
533 4131 643 4208 veluti
659 4159 723 4236 per
740 4133 960 4235 diagonalem
977 4135 1072 4208 viam
1089 4159 1132 4209 eo
1150 4133 1385 4230 conduceret,

270 4253 311 4325 u't
335 4251 464 4325 virium
488 4251 682 4326 reactioncs
707 4279 914 4355 suppressae
936 4251 1131 4327 liberentur
1155 4266 1191 4325 et
1215 4253 1384 4326 minitans
1432 4351 1438 4360 .

269 4365 388 4468 lapsus
431 4383 618 4444 avertatur.
659 4371 809 4446 Duobus
844 4373 959 4472 granis
995 4371 1135 4444 Tartari
1176 4369 1308 4444 stibiati
1344 4371 1384 4446 in

271 4481 418 4560 decocto
444 4483 623 4565 Gramiuis
648 4487 771 4568 solutis
796 4489 916 4569 sordes
941 4489 1135 4595 primarum
1161 4489 1297 4566 viarum
1317 4515 1384 4594 per
