3228 5166
269 365 319 438 88

266 475 400 554 facturn
435 487 579 580 prorsus
608 473 818 576 'negligant'
850 477 966 552 Serius
1003 503 1159 581 ocyusre
1200 477 1238 552 in
1275 477 1375 552 lienis

267 589 473 701 hepstisqrre
503 596 761 672 obstructiones
796 610 832 672 et
868 612 1130 697 parectamata,
1162 598 1201 670 in
1240 596 1377 672 dolores

266 718 418 815 colicos,
442 716 681 818 dysenteriae,
706 716 888 816 variasque
913 714 1084 816 hydropis
1115 715 1248 817 specics
1273 716 1376 815 ‹lege-

265 849 400 910 nerant.
440 837 495 907 Ex
530 832 656 907 eodem
683 833 781 906 sonte
811 835 1050 933 progerminat
1086 857 1228 936 quoque
1261 836 1378 934 passio

263 951 594 1053 hypoclrondriaea,
634 977 741 1051 quam
779 949 901 1050 vulgus
942 950 969 1024 il
1006 949 1106 1026 Male
1128 952 1187 1026 dcl
1211 951 1378 1028 Padrorre

264 1057 444 1167 norninrit,
467 1095 541 1142 non
571 1071 712 1169 ignarus
741 1068 893 1143 similem
924 1069 1103 1144 adlectum
1133 1069 1268 1146 domini
1300 1071 1376 1172 opi·

264 1209 350 1292 paru
375 1189 527 1264 viventis
551 1189 682 1288 magis,
706 1215 814 1289 quam
839 1189 957 1262 miseri
982 1192 1074 1264 servi
1095 1191 1378 1292 praerogativum

264 1335 348 1382 esse.
373 1307 541 1382 Febriu'm
578 1309 699 1406 itaque
736 1307 1045 1382 intermittentium
1087 1309 1283 1402 exercitui,
1313 1309 1377 1409 qui

262 1431 389 1502 stativa
406 1441 519 1501 castra
536 1428 573 1500 in
590 1425 835 1502 humilioribus
852 1429 925 1526 agri
943 1423 1139 1500 Ticiuensis
1155 1425 1242 1502 locis
1261 1427 1378 1527 ponit,

264 1546 367 1620 multi
391 1545 456 1619 alii
476 1545 591 1620 morbi
634 1551 784 1646 jungunt
824 1571 863 1617 se
898 1546 1064 1641 comites,
1101 1545 1261 1646 priorum
1294 1568 1377 1621 mox

263 1667 418 1764 germani
444 1665 588 1758 coaevi,
612 1687 696 1736 mox
720 1661 931 1763 posthumae
956 1661 1105 1736 soboles.

313 1779 622 1876 Quemadmodum
647 1807 779 1882 paucos
804 1795 944 1854 tuntum
978 1781 1135 1855 invenies
1170 1781 1377 1878 rurigenae,

264 1902 443 2003 quirites
475 1923 559 1974 suae
597 1899 772 1974 curriculo
804 1898 938 1973 febrem
974 1899 1268 1972 intermittentem
1303 1923 1376 1970 nou

131 2091 137 2099 .
264 2033 381 2093 essent
404 2020 581 2120 perpessi,
606 2019 656 2092 ita
680 2019 740 2094 'vir
764 2017 940 2092 decimam
964 2041 1087 2090 eorum
1119 2015 1270 2115 reperies
1294 2041 1375 2117 par-

264 2155 359 2236 tem,
384 2143 442 2212 cui
466 2140 536 2212 lr'en
566 2132 657 2214 soret
692 2132 888 2214 incolumis.
912 2177 964 2196 --
988 2139 1108 2213 llocce
1141 2139 1259 2212 viscus
1293 2163 1376 2212 mox

264 2258 444 2334 volumine
468 2271 608 2332 tantum
633 2259 777 2354 crescit,
794 2255 989 2333 normalem
1004 2280 1147 2334 servans
1170 2281 1375 2358 compagem

263 2389 301 2450 et
335 2389 509 2450 texturam
537 2379 808 2478 (perrecturum),
843 2401 927 2449 mox
965 2381 1059 2478 justo
1092 2380 1265 2477 majorem
1300 2399 1378 2449 una·

264 2492 440 2568 eouuahir
464 2491 605 2566 duritiei
630 2493 778 2593 gradum
803 2489 1035 2594 (r‘ry‘arutus,
1065 2489 1257 2568 obscurem
1266 2547 1281 2588 ,
1305 2517 1376 2570 cm·

259 2606 413 2713 plrruxis
430 2615 451 2703 ).
476 2587 606 2684 Levius
632 2609 789 2707 malum,
813 2600 898 2685 dato
922 2611 1128 2712 cumprimis
1145 2635 1228 2685 casu
1251 2612 1378 2714 priori,

262 2756 329 2831 per
351 2729 493 2830 longam
517 2729 729 2832 quandoque
745 2757 921 2806 annorum
936 2731 1063 2805 seriem
1085 2729 1274 2828 delitescit,
1290 2734 1378 2835 quin

263 2849 496 2950 conspicuum
519 2849 634 2946 vitae,
657 2849 715 2925 rel
739 2848 844 2924 saluti
860 2849 1113 2926 detrimentum
1136 2867 1246 2954 paret
1263 2853 1376 2926 Pecu·

263 2959 388 3040 liarem
423 2979 543 3040 tamen
573 2965 715 3068 corpori
743 2967 908 3042 conciliat
938 2967 1119 3065 habitum,
1149 2968 1378 3070 squalidum,

265 3081 412 3156 Graecis
434 3083 563 3182 χλωρον
586 3083 742 3181 dictum,
772 3085 1021 3184 macilentum,
1051 3083 1286 3181 tumidulum,
1316 3101 1378 3158 aut

264 3201 461 3301 strigosum.
486 3202 583 3278 Haec
608 3229 663 3278 res
689 3205 777 3282 adeo
802 3205 906 3280 obvia
933 3221 1006 3303 est,
1030 3221 1071 3288 ut
1095 3200 1157 3308 qui
1185 3206 1223 3280 in
1249 3209 1378 3281 nostris

264 3319 422 3418 agricolis
447 3319 588 3394 vultum
620 3322 820 3397 decolorem
855 3339 891 3397 et
925 3326 1148 3398 saturninum
1186 3349 1378 3427 conspexe-

263 3441 329 3534 rit,
364 3440 494 3514 lienem
529 3439 718 3515 infarctum
764 3444 836 3517 sere
881 3459 997 3518 certus
1036 3443 1199 3518 hariolari
1234 3443 1376 3545 poterit:

266 3558 349 3648 Quo
386 3555 547 3631 altiorem
574 3585 660 3633 vero
702 3561 868 3636 morbosa
896 3563 1025 3636 haecce
1049 3561 1150 3636 lienis
1185 3577 1376 3638 metamor·

263 3674 384 3776 pbosis
409 3674 559 3775 adtingit
583 3677 753 3777 gradum,
779 3705 821 3754 eo
845 3680 1063 3752 manifestius
1080 3681 1242 3781 contigua
1268 3681 1379 3755 visce-

264 3817 319 3889 ra,
343 3805 509 3896 totusque
534 3821 718 3896 processus
735 3796 1015 3897 reproductionis
1032 3797 1216 3897 organicae
1238 3798 1379 3898 patiun-

265 3925 350 4007 tur,
373 3913 598 4014 nasciturque
622 3911 794 3990 cachexia
820 3917 874 3990 sui
891 3916 1044 4016 generis,
1060 3941 1169 4017 quam
1189 3917 1379 4020 spleniccm

264 4032 492 4134 adpellamus.
511 4033 699 4110 Multil'aria
718 4053 820 4136 tnnc,
837 4053 873 4112 et
894 4039 1034 4140 copiosa
1046 4039 1379 4140 *phaenomcnorum

128 4231 132 4238 ,
191 4233 193 4238 ,
264 4165 300 4225 et
324 4151 500 4226 malorum
525 4179 621 4254 seges
646 4155 684 4228 in
700 4156 890 4256 propatulo
907 4155 1115 4254 habebitur,
1132 4183 1223 4258 quae
1247 4155 1381 4260 splenis

264 4267 540 4372 hyperepidosin
565 4271 625 4346 vel
649 4273 857 4372 comitetur,
888 4275 947 4350 rel
975 4275 1195 4377 insequitur,
1218 4275 1379 4378 quando-

264 4411 334 4484 que
367 4387 503 4486 singula
538 4404 677 4489 tanturn
712 4405 951 4493 symptomata
985 4393 1179 4496 adparent,
1209 4393 1379 4496 speciales

264 4503 449 4582 efficiendo
473 4507 679 4590 morborum
713 4509 864 4614 formasq
904 4509 987 4588 alias
1028 4509 1129 4616 plura
1167 4513 1208 4596 in
1251 4511 1379 4590 foedus
