3228 5166
317 387 366 462 56

313 493 505 610 partitioni
521 506 557 580 in
582 501 730 580 totidem
755 511 945 604 systemata
961 501 1131 600 organica
1149 501 1323 597 majorem
1339 521 1420 571 sane

313 625 500 702 tribuimus
523 622 704 717 calorem,
728 645 836 723 quam
867 619 1083 694 anatomicae
1117 618 1270 720 partium
1303 615 1419 690 distri·

311 741 472 840 butioni3
494 783 546 800 -·
568 753 758 844 postquam
775 737 881 811 nmul
895 738 1107 827 innotuerit,
1130 759 1305 838 quaenam
1327 735 1421 808 vitae

311 860 548 936 manifestatio
574 883 595 932 a
620 855 769 932 nonnuli
805 854 943 928 abanet
971 856 1111 928 transite
1135 861 1208 946 (an
1238 875 1421 956 processus

312 975 502 1080 plastices,
527 974 684 1050 conditio
707 975 874 1048 materiae
898 974 1097 1072 organicae,
1119 984 1257 1066 motus,
1284 995 1423 1066 sensus,
1507 1020 1516 1034 -
1550 1007 1560 1012 -

312 1093 432 1195 quales
457 1093 586 1172 borum
611 1089 951 1184 modificationesl),
976 1087 1070 1162 unde
1087 1085 1334 1186 morbiferam
1358 1088 1420 1164 de·

314 1211 483 1308 claretum
507 1209 731 1312 procedimus
756 1209 803 1283 ad
827 1207 1018 1282 mutandam
1040 1222 1083 1281 ,et
1116 1207 1341 1282 indicandam
1364 1233 1420 1282 ra-

314 1333 449 1406 tionem
472 1325 510 1404 et
534 1331 688 1430 speciem
713 1327 915 1402 deflexionis
932 1326 1133 1422 abnormis,
1149 1351 1220 1428 quo
1244 1327 1319 1428 ipss
1335 1351 1420 1402 coo-

313 1449 471 1521 stituitur
494 1444 608 1520 morbi
629 1459 760 1519 namra
772 1498 787 1534 ,
811 1446 885 1518 sive
909 1445 1065 1516 essentia.

363 1563 672 1657 Quemadmodum
684 1561 797 1637 morbi
811 1559 973 1656 forma,ct
982 1558 1198 1634 substratum
1210 1584 1253 1634 ex
1263 1559 1421 1662 comps-s

313 1683 439 1755 tefiunt
451 1679 766 1783 symptomatibus,
782 1681 986 1779 computato
1002 1677 1050 1752 ad
1061 1665 1239 1752 summm
1257 1681 1421 1775 atrio,-

313 1799 362 1874 its
387 1825 430 1872 cx
454 1798 602 1872 adverso
627 1799 814 1871 essentium
836 1795 953 1871 morbi
977 1796 1093 1898 quiris
1124 1795 1299 1870 ineassum
1324 1799 1424 1898 erpi·¹

314 1918 402 1992 scari
428 1917 595 2011 tentabit,
622 1917 667 1988 rai
701 1916 930 2014 praecipuum
964 1913 1093 1988 habeat
1124 1913 1360 2013 dispositionis
1383 1917 1422 1988 in

315 2061 418 2136 aegro
443 2049 479 2110 ct
503 2037 684 2136 speciatim
710 2035 747 2106 in
771 2059 901 2132 organo
926 2031 1064 2108 adiecto
1088 2031 1276 2129 latitantis,
1299 2057 1420 2108 causa·

314 2179 393 2230 rum
420 2155 664 2249 efficientium,
688 2168 793 2254 atque
817 2146 1026 2252 nosogciriac
1050 2166 1259 2254 respectum.
1284 2155 1422 2251 Quare,

310 2287 357 2348 ut
381 2273 427 2346 ad
450 2272 584 2346 lectum
608 2297 791 2369 aegrorum
816 2271 860 2344 de
878 2269 1034 2371 diagrrmi
1055 2285 1149 2345 recte
1170 2271 1330 2345 instituta
1345 2297 1422 2373 per·

162 2487 166 2494 .
316 2391 546 2488 suadeamus,
570 2415 741 2490 eamque,
765 2390 795 2462 si
819 2411 961 2462 necesse
985 2403 1058 2484 est,
1086 2387 1205 2463 solidis
1230 2388 1424 2464 innitamur

316 2509 550 2607 argumentis,
573 2509 687 2608 ipsam
710 2505 826 2582 morbi
857 2507 1175 2603 constructionem,
1208 2507 1284 2580 sive
1312 2531 1422 2607 ¹gene·

315 2625 391 2721 sin,
414 2624 635 2726 probabilem
672 2639 735 2698 aut
768 2637 924 2720 certam,
959 2624 1223 2723 subnectimus,
1246 2623 1422 2725 *generalia

314 2757 503 2844 praecepta
527 2757 563 2818 et
586 2742 716 2845 placita
739 2741 1000 2844 physiologice,
1023 2741 1226 2844 aetiologica
1243 2757 1348 2846 atque
1363 2769 1423 2846 pa·

307 2859 537 2960 ,tlrogcnetica
560 2859 768 2934 individuali
793 2859 889 2932 casui
912 2857 1121 2960 adaptando.

320 3023 323 3028 ·
367 2979 441 3054 Sub
467 2981 614 3054 enormiv
627 2977 686 3053 illu
713 2979 903 3079 farragine,
927 3001 1037 3078 φιαιιι
1051 2980 1256 3054 innumerae
1280 2977 1424 3054 morbu-

308 3121 399 3170 .rum
416 3099 607 3172 ¹arssristates
632 3097 809 3194 offerunt,
832 3095 1078 3198 insuperabilis
1095 3099 1194 3198 operi
1209 3097 1424 3198 diagnostico

317 3239 356 3288 sc
379 3237 418 3288 se
442 3229 662 3316 opponerent
681 3215 959 3317 impedimenta,
982 3215 1049 3288 nisi
1070 3229 1190 3290 certus
1214 3216 1359 3318 quidam
1383 3239 1424 3289 ac

307 3331 570 3414 ,determinatus
595 3331 703 3426 ordo,
726 3335 888 3407 omnium
910 3357 1030 3407 rerum
1050 3333 1187 3432 anima,
1209 3334 1423 3410 observetur.

318 3449 425 3523 Hunc
450 3447 619 3522 inlinens
643 3449 746 3522 nobis
777 3449 981 3552 adjumento
1011 3466 1095 3526 sunt
1134 3449 1294 3528 Tabaso
1324 3477 1424 3530 noso

319 3568 597 3668 logicoe,1lnno
627 3569 720 3642 1620
746 3571 841 3670 typis
865 3569 1076 3670 exscriptae,
1107 3572 1145 3644 iu
1170 3573 1337 3649 Instituta
1360 3573 1423 3648 cli·

316 3686 401 3760 nico
424 3711 576 3762 unacum
602 3688 827 3787 systematica
842 3685 1182 3764 medicamentorum
1205 3691 1350 3794 synopsi
1366 3715 1426 3794 ap·

318 3829 450 3910 psnsse
461 3861 471 3903 ,
483 3831 570 3909 quas
587 3805 765 3881 candidati
780 3805 943 3882 lubenter
959 3807 1148 3884 consulunt
1165 3811 1203 3884 in
1220 3809 1426 3898 morborum

318 3937 357 3998 et
377 3925 618 4000 'remedorum
643 3922 831 4020 classibus,
849 3923 1065 4023 ordinibus,
1095 3927 1298 4028 generibus,
1320 3941 1426 4034 atque

318 4042 508 4149 speciebus
527 4044 664 4124 lucilius
688 4044 914 4146 inquirendis.

369 4162 451 4238 Non
476 4163 730 4266 acquiescimus
755 4177 875 4263 autem
897 4165 936 4238 in
960 4163 1037 4240 sola
1061 4164 1352 4244 determinatione
1368 4192 1426 4274 ge·

318 4281 448 4372 neralis
481 4281 689 4358 morborum
723 4281 1039 4388 physiognomia,
1077 4311 1270 4390 eorumque
1299 4283 1428 4368 indolis

316 4399 513 4500 generalis,
535 4427 661 4476 verum
686 4403 793 4476 mam
817 4402 865 4476 ad
887 4429 1021 4480 summe
1030 4405 1260 4508 particulam
1283 4410 1429 4484 cirum*

313 4521 470 4612 ,monas
494 4517 762 4617 descendimus,
786 4520 816 4619 si
840 4519 1121 4620 contremiscis
1142 4523 1236 4600 euius
1261 4519 1428 4624 neglectis
