3228 5166
314 385 364 484 54

312 502 444 584 sunem
474 497 615 596 sufficit
645 502 751 580 talem
785 502 895 601 aegris
929 498 1139 604 praestitisse
1174 525 1325 596 curam,
1358 503 1415 573 cui

310 629 414 730 acqui
439 627 572 730 judiees
598 637 634 701 et
658 625 800 728 propria
826 623 1039 698 coincicntia
1061 621 1151 694 nihil
1177 621 1329 724 objicere
1355 647 1416 697 ra·

309 747 369 821 let.
394 746 497 822 Certe
533 741 638 822 nemo'
673 769 779 818 sarrae
803 743 932 817 mentis
955 739 1163 843 publicum,
1187 755 1223 815 ct
1248 739 1293 814 ab
1318 734 1416 814 omni

310 865 531 966 phantastica
561 862 736 938 medicina
772 857 925 932 alienum
954 873 1216 959 praeceptorem
1252 859 1415 932 crimina·

307 979 429 1076 bitur,
454 983 691 1084 experimenta
716 1003 780 1079 per
805 991 935 1050 mortes
972 977 1103 1050 civium
1138 975 1269 1050 secisse.
1299 978 1416 1070 Quam

307 1097 486 1172 interdum
511 1097 705 1172 virulentus
729 1093 848 1170 livoris
879 1107 914 1166 ct
947 1092 1228 1189 maledictionis,
1261 1118 1302 1166 ac
1327 1093 1416 1166 nulli

307 1219 430 1293 virtuti
455 1245 603 1320 parcens
630 1215 771 1290 aculeus
796 1213 970 1315 polluere,
991 1229 1096 1315 atque
1121 1214 1317 1290 adulterare
1342 1229 1416 1288 ten·

307 1344 381 1433 tat,
404 1337 551 1430 veritas,
576 1357 686 1436 ocyus
711 1333 865 1406 seriusve
889 1331 1046 1431 refulget.

356 1454 517 1526 Primum
542 1451 749 1526 exercitium
773 1448 960 1544 clinicum,
984 1447 1173 1524 inchoante
1197 1477 1291 1525 anno
1316 1452 1415 1526 sclao

306 1569 453 1664 lastico,
476 1587 616 1669 semper
640 1569 748 1641 unico
772 1565 881 1641 ordiri
905 1565 1058 1640 solemus
1093 1583 1272 1666 aegroto,
1291 1572 1414 1669 quavis

308 1689 451 1764 deinum
477 1685 535 1762 dic
561 1711 695 1761 norum
720 1683 907 1781 addendo,
931 1710 977 1758 ne
1006 1683 1163 1786 plurium
1191 1689 1320 1760 iutuitu
1352 1689 1414 1762 ad-

306 1804 417 1878 tentio
442 1818 612 1905 tyronum
646 1802 882 1896 distralaatur,
916 1815 1022 1902 atque
1058 1825 1159 1876 meus
1194 1801 1413 1904 objectorum

306 1921 533 1996 multitudine
574 1921 700 1997 obruta
741 1918 986 1995 confundatur.
1028 1920 1125 2012 Quin
1161 1920 1302 2018 immo,
1340 1945 1413 1995 non

310 2041 438 2116 ornissa
463 2043 569 2116 etiarn
595 2041 703 2115 hacce
727 2041 765 2113 in
799 2041 922 2141 primis
957 2035 1166 2113 lectionibus
1200 2041 1413 2143 circumspe-

307 2159 451 2257 ctione,
474 2161 729 2262 praescriptum
753 2157 861 2231 laurae
884 2159 1039 2259 spatium
1075 2183 1149 2232 non
1182 2158 1338 2254 sufficit,
1367 2159 1414 2232 ad

305 2290 419 2352 totum
437 2279 457 2372 '‚·
471 2277 568 2379 quod
593 2277 730 2349 medico
763 2301 871 2376 penes
900 2275 1033 2348 lectum
1061 2297 1244 2376 aegrorum
1272 2276 1412 2362 docenti

304 2389 503 2492 irrcumbit,
518 2419 647 2467 munus
663 2391 780 2466 debita
798 2419 880 2466 cum
897 2391 1123 2468 adcurationc
1148 2393 1411 2470 absolvendum.

305 2509 526 2584 Pedetentim
552 2524 656 2582 aucto
682 2529 864 2608 aegrorum
889 2535 1037 2585 numero
1057 2509 1192 2586 facilior
1207 2523 1243 2584 et
1258 2515 1415 2587 securior

307 2625 466 2702 redditur
500 2625 721 2724 observatio,
749 2651 822 2700 non
856 2628 974 2701 minus
1008 2653 1116 2729 quam
1146 2644 1413 2732 praeceptorum

303 2748 569 2852 explanatorum
595 2749 831 2851 intelligentia.
856 2749 1042 2852 Discipuli,
1059 2753 1122 2854 qui
1140 2753 1240 2854 praxi
1255 2753 1412 2828 medicae

302 2891 340 2946 se
365 2875 573 2974 accingunt,
597 2887 634 2948 et
657 2875 862 2976 praesertim
886 2873 955 2971 illi,
978 2875 1039 2975 qui
1064 2873 1185 2949 limina
1210 2877 1411 2951 scholarum

301 2990 575 3068 theoreticarnm
599 2993 657 3068 rix
682 3007 766 3068 aurat
790 2995 933 3094 egressi,
964 3019 1008 3066 cx
1036 2979 1230 3090 adcurate,
1266 3009 1409 3068 strenua

300 3121 337 3180 et
371 3125 596 3186 concontrata
631 3129 825 3212 paucorum
851 3136 999 3183 casuum
1035 3110 1280 3186 observatione
1304 3111 1410 3211 longe

300 3224 457 3302 utiliores
482 3225 616 3302 fructus
642 3242 820 3329 carpunt,
844 3255 952 3329 qnam
977 3249 1021 3302 ex
1044 3226 1116 3303 levi
1141 3241 1178 3304 et
1201 3228 1416 3330 superficiali·

298 3342 455 3444 plurium
480 3343 657 3447 adspectu.
684 3345 804 3437 Quare
826 3345 896 3419 illis
920 3345 1122 3422 Nosocomii
1159 3349 1409 3450 frequentatio·

298 3481 382 3532 nem
406 3483 563 3564 eousque
586 3458 851 3559 interdicimus,
875 3465 990 3540 donec
1021 3467 1186 3541 enercitio
1215 3483 1251 3540 ct
1284 3465 1411 3570 praeli⁴

297 3575 491 3652 mineribus
526 3580 728 3656 notionibus
765 3582 877 3686 probe
916 3585 1057 3684 digestis
1099 3589 1334 3662 necessarium
1371 3591 1410 3663 in

298 3693 519 3772 observando
545 3695 770 3796 facultatem,
796 3697 844 3775 ac'
860 3701 1017 3803 aliquam
1052 3703 1177 3778 saltem
1211 3707 1248 3777 in
1286 3706 1409 3806 digno-

295 3811 433 3888 scendis
464 3815 613 3889 aliorum
650 3815 825 3892 erroribus
859 3833 921 3893 aut
953 3823 1166 3921 praestantia
1206 3823 1410 3898 firmitatem

296 3943 379 4003 sunt
404 3929 532 4032 adepti.
558 3933 630 4025 Qui
655 3945 738 4008 ante
763 3949 903 4035 tempus
928 3938 1130 4010 nosocomia
1156 3936 1268 4011 veloci
1304 3965 1410 4040 passu

294 4046 514 4148 pervadunt,
539 4051 683 4152 juvenili
709 4053 909 4128 curiositate
934 4053 1083 4152 adlecti,
1107 4057 1220 4130 inulta
1247 4057 1407 4158 quidem,

293 4167 356 4240 sed
379 4191 453 4240 non
478 4169 629 4242 multum
654 4169 835 4256 ridebunt.

344 4283 511 4375 Quotidie
536 4285 623 4361 hora
648 4301 774 4362 octava
798 4291 994 4386 matutina,
1016 4317 1063 4363 ne
1099 4289 1223 4364 diebus
1259 4291 1404 4392 pridem

292 4393 388 4472 festis
413 4404 592 4505 exceptis,
625 4401 756 4479 lectum
787 4429 969 4514 aegrorum
1000 4407 1228 4503 accedimus,
1263 4409 1405 4486 adstan-

292 4510 386 4594 ithus
412 4519 502 4598 ultra
528 4539 673 4603 centum
695 4523 904 4632 discipulis,
936 4527 996 4629 qni
1034 4527 1196 4606 absoluto
1224 4529 1414 4610 curriculo·
