3158 6116
1279 289 1351 370 ²09

207 379 389 484 reliquas
429 387 595 462 medendi
614 389 781 464 'rationes
815 415 954 491 semper
989 387 1105 464 adhud
1141 377 1354 480 tutissimam

208 523 330 597 csse,
374 505 648 607 quamplurimis
683 509 930 608 experimentis
965 523 1188 608 compertum
1225 507 1351 584 habui-

208 641 330 716 mus,
359 622 561 698 dummodo
592 625 930 701 medicamentorum
969 625 1098 723 doses,
1134 637 1172 700 ot
1204 625 1354 702 aelectus

208 732 473 814 drasticorum
498 740 643 840 singulis
662 741 805 818 caaihua
831 745 896 818 rite
922 743 1053 820 luerint
1075 743 1354 819 adcommodata.

211 851 373 940 Quodsi
403 859 495 934 votis
520 858 732 959 quaudoque
758 886 831 934 non
857 859 1092 962 respoudeat,
1120 861 1211 937 ratio
1235 861 1356 961 potina

211 975 443 1067 quaerenda
468 977 535 1050 erit
558 977 596 1048 iu
621 978 729 1050 nimia
756 977 943 1052 timiditate
975 975 1103 1052 medici
1134 976 1356 1052 audaciorem

213 1110 338 1160 usum
368 1091 605 1175 draatimrum
630 1094 875 1190 abhorrentia,
900 1093 959 1170 vel
987 1097 1025 1176 iu
1054 1093 1266 1196 quibusdam
1290 1091 1355 1168 ob-

215 1205 383 1314 etaculis
411 1237 453 1288 ex
486 1223 586 1311 parte
617 1209 791 1286 indiridui
824 1213 936 1286 nimis-
968 1212 1120 1314 torpidi,
1153 1227 1216 1286 aut
1251 1211 1356 1288 rtimit

218 1324 417 1402 serraihilis
441 1329 572 1430 positis.
598 1331 861 1405 Praemittimus
886 1356 1052 1434 vespere,
1077 1346 1113 1406 et
1145 1357 1247 1405 mane
1272 1329 1356 1440 auh·

219 1447 423 1539 aequantia
440 1443 509 1518 diei
526 1445 739 1546 panatellam
755 1446 868 1522 multo
884 1447 1015 1550 butyro
1033 1448 1235 1547 conditam,
1251 1462 1358 1550 etipse

221 1572 320 1654 post
347 1560 475 1640 horam
500 1563 587 1645 duaa
612 1564 797 1642 drachmas
823 1566 950 1642 radieia
974 1565 1093 1646 Filieia
1123 1569 1230 1644 maria
1259 1566 1357 1642 exhi·

223 1672 315 1750 bem'
346 1679 520 1780 jubemus.
553 1681 759 1773 Tranaimua
794 1683 1022 1784 postmodum
1059 1684 1105 1761 ad
1141 1679 1358 1785 pharmacon

227 1791 501 1874 draaticoteron
539 1798 606 1872 auh
641 1799 802 1899 sequenti
838 1799 1017 1899 formula,
1052 1801 1114 1884 uhi
1149 1801 1193 1882 de
1236 1799 1358 1888 adulto

229 1928 272 1987 et
302 1919 454 1995 arbusto
478 1921 593 2020 agitur
617 1944 739 2022 aegro:

421 2039 464 2113 Il.
501 2039 748 2113 Colorrelnnos
773 2039 909 2138 levigati

498 2158 643 2234 Gummi
668 2157 798 2240 Guttae

745 2286 780 2350 a:
799 2299 913 2375 gram
938 2282 1058 2376 ogiae

499 2393 600 2466 Puta
626 2393 716 2468 llud
742 2393 891 2496 Ialepoc
939 2427 943 2435 ·

499 2508 668 2585 Socelrair'
689 2507 763 2588 albi

726 2641 785 2706 4ῖῖι
809 2627 928 2704 druch.
953 2653 1072 2702 anana

243 2743 298 2816 hl.
325 2747 386 2826 fiat
409 2743 535 2845 pulvis.
560 2743 677 2822 Divid
702 2746 740 2820 in
765 2759 835 2818 trea
851 2745 953 2820 doses
971 2745 1155 2848 aequales,
1177 2745 1362 2820 intervallo

104 2864 106 2872 ‘
243 2861 420 2936 horarum
445 2863 596 2938 duarum
633 2862 875 2939 abolimendaa.
901 2862 992 2940 Alvo
1027 2862 1135 2938 fluere
1170 2865 1361 2965 incipiente

246 2978 373 3054 oleum
398 2981 511 3054 Ricini
537 2979 747 3056 cochleatim
771 2983 999 3082 propinatur,
1023 2980 1137 3057 donee
1165 2979 1263 3064 nulla
1287 3007 1363 3060 am,

247 3095 347 3194 plius
371 3081 565 3171 accedentis
582 3098 717 3196 vermis,
727 3097 921 3198 fragmenta
936 3101 975 3172 in
992 3099 1139 3179 memus
1161 3097 1363 3200 adpareunt.

248 3213 381 3313 Negari
405 3215 549 3315 quidem
573 3216 718 3316 nequit,
743 3229 850 3317 caput
879 3215 1007 3289 funesti
1041 3216 1189 3317 hoapitia
1219 3241 1364 3317 panaro

248 3337 392 3429 excuti3
416 3331 527 3407 nihilo
552 3345 671 3409 tamen
696 3335 816 3411 minus
853 3335 947 3434 aegri
983 3333 1170 3416 matthatim
1193 3332 1240 3407 ab
1264 3335 1364 3424 omni

248 3451 479 3528 incommodo
502 3451 718 3552 liberantur,
743 3455 880 3528 etia'msi
905 3467 1046 3555 optatus
1081 3453 1142 3530 ille
1172 3478 1246 3530 uon
1270 3455 1361 3528 acci-

247 3569 346 3644 derit
369 3596 490 3665 oasus,
514 3585 621 3672 atquo
644 3597 709 3670 per
732 3594 872 3645 menaea
901 3569 993 3645 laeta
1030 3571 1198 3646 huuutur
1232 3569 1364 3648 valetu-

248 3690 346 3764 diue.
374 3689 502 3764 Vernae
525 3688 644 3764 denuo
661 3704 862 3790 regenerato
878 3689 1071 3764 aeoundam
1096 3703 1274 3764 tentamus
1296 3691 1364 3762 im·

250 3812 529 3910 pugnationem,
553 3811 618 3884 etsi
660 3815 735 3911 ejus
773 3836 841 3911 ope
881 3809 1013 3911 pariter
1054 3807 1210 3912 prolilioa
1247 3809 1366 3910 portio

251 3929 417 4002 evacuari
442 3942 649 4023 cunctatur,
683 3927 878 4029 plenariam
912 3927 1057 4002 caedem
1094 3921 1225 4002 tenacia
1261 3953 1365 4028 para·

258 4047 345 4118 sitae
370 4045 449 4120 oleo
475 4045 748 4120 Terebinthiuae
780 4061 817 4120 et
851 4044 996 4122 animali
1031 4044 1215 4142 aetliereo,
1249 4044 1367 4118 eximii

256 4167 432 4239 Banasam
459 4167 505 4242 ad
529 4180 685 4240 mentem
709 4165 954 4268 suppeditato,
970 4164 1150 4242 efficimus.
1173 4163 1367 4264 Praecipua

256 4299 517 4386 symptomata,
545 4311 635 4388 quae
673 4285 895 4361 nidulantem
930 4287 967 4358 in
1003 4285 1176 4360 intestinis
1214 4281 1368 4357 taeniam

257 4401 417 4476 comitari
444 4401 618 4496 vidimus,
642 4417 742 4475 erant
757 4401 816 4477 illa
838 4400 1186 4506 hypochoudriaaeoa
1209 4399 1246 4475 iu
1267 4401 1385 4496 viris„

305 4517 495 4594 lituorum.
521 4519 618 4597 Ληη.
646 4521 737 4598 Clio.
764 4521 796 4598 Ι.
935 4547 939 4554 ·
1127 4519 1170 4612 ¹al
