3228 5166
1254 377 1302 482 ⁶7

197 493 351 595 analogis
376 493 543 590 facilitat‚
567 503 604 568 et
628 491 812 568 clariorem
836 493 881 568 de
906 517 988 568 veru
1019 493 1225 572 mortorum
1250 523 1305 570 es·

196 604 312 686 sentia¹
333 611 499 686 conciliat
522 609 659 706 ideam3
684 607 749 685 sed
772 612 880 684 etiam
903 612 1030 686 medici
1048 613 1206 687 animum
1223 640 1306 690 con-

196 729 352 828 solatur,
384 743 569 832 perspecta
599 727 685 826 mali
717 727 877 802 absoluta
902 728 1167 804 mssrrabilitate.
1192 773 1242 788 -
1267 732 1304 804 Si

197 847 287 948 quid
309 846 567 944 memorabilis,
592 861 654 920 aut
677 847 747 932 rari
772 845 920 921 offerant
944 843 1155 922 cadaverum
1178 873 1303 950 perve-

197 966 421 1065 stigationes,
444 965 482 1042 id
504 967 544 1064 in
567 964 839 1068 Gazophylsceo
869 964 1093 1067 pathologico
1128 967 1306 1042 adservari

197 1081 309 1180 solet,
332 1081 429 1184 quod
453 1109 474 1157 a
509 1084 631 1158 Psrno
657 1083 814 1164 Fnsnrro
839 1083 933 1156 circa
957 1083 1304 1187 annum1786lun·

199 1199 348 1297 datum,
376 1225 417 1274 ac
443 1201 647 1276 successivis
673 1201 775 1274 annis
801 1199 1003 1279 notabiliter
1028 1199 1308 1304 locupletatum,

197 1321 472 1424 pulcherrimam
495 1322 646 1404 recludit
673 1337 962 1424 praeparatorum
992 1323 1139 1421 seriem,
1172 1325 1307 1425 profess

196 1441 284 1515 soris
309 1437 425 1514 clinici
451 1441 544 1514 curis
575 1441 810 1515 commissam

245 1555 423 1630 Numerus
448 1558 704 1657 aegrotantium
718 1555 904 1636 intervallo
921 1553 1002 1630 arrni
1020 1553 1221 1630 scholastici
1238 1555 1308 1630 Cli·

196 1675 285 1750 uicis
309 1675 454 1750 aedibus
479 1691 722 1777 receptorum,
745 1677 809 1780 qui
832 1699 999 1776 persaepe
1016 1675 1186 1755 ducentos
1202 1673 1307 1776 longe

196 1805 364 1893 superat,
385 1795 482 1866 —si
507 1819 589 1866 cnm
613 1819 710 1893 penu
734 1791 908 1868 lectorum
924 1792 1190 1893 circumsoripto
1213 1819 1308 1874 coru.

128 1963 131 1972 ·
196 1927 362 2013 paretur,
386 1911 526 1990 abunde
544 1925 711 2008 testatur,
725 1909 866 1988 nullum
880 1911 1113 2012 praetermitti
1128 1909 1309 2010 studium,

144 2129 147 2136 γ
197 2045 240 2105 ut
262 2029 441 2131 discipulis
465 2045 592 2107 vastus.
609 2045 729 2131 puteat
752 2030 1039 2111 observationum
1064 2041 1101 2110 et
1124 2029 1307 2104 exercitio·

197 2175 278 2222 rum
307 2175 476 2250 campus,
511 2147 776 2251 desiderataque
810 2147 1040 2230 institutionis
1077 2160 1152 2222 tum
1175 2145 1306 2222 uiduae

168 2270 475 2370 opportunitas„
1117 2297 1118 2304 ¹

194 2431 198 2438 ·
246 2388 400 2463 Cunctos
423 2385 631 2464 morborum
654 2387 817 2466 historias
842 2389 863 2460 is
887 2383 1073 2487 tyronibus
1097 2383 1208 2460 latino
1232 2411 1307 2460 ser,

195 2529 301 2580 mone
325 2506 563 2608 conscriptas,
587 2530 677 2606 quae
706 2515 826 2580 totum
855 2502 1046 2576 decursum
1079 2511 1116 2575 ot
1139 2499 1307 2590 medendi

195 2625 368 2700 rationem
389 2651 502 2726 usque
527 2621 573 2706 ud
597 2637 819 2704 momentum
853 2617 1070 2716 dimissionis
1103 2619 1221 2720 aegri,
1244 2633 1308 2704 aut

194 2744 340 2838 mortis,
363 2768 405 2818 ac
429 2743 467 2815 in
492 2755 648 2816 extremo
674 2761 757 2823 casu
786 2739 901 2840 ipsam
931 2736 1198 2837 necrosoopiam
1223 2759 1307 2820 cum

194 2864 334 2966 epicrisi
358 2860 663 2963 complectuntur,
697 2857 902 2960 scrupulose
937 2877 1196 2932 conservamus.
1222 2852 1305 2928 col.

192 2977 341 3078 legimus
380 2980 512 3080 puriter
551 3002 625 3051 non
666 2977 742 3048 sine
782 2973 951 3074 temporie
992 2979 1128 3073 jactura
1169 2967 1327 3068 singule

194 3096 434 3193 documenta,
469 3121 561 3196 quae
595 3094 641 3176 ad
676 3093 826 3172 Clinioes
869 3091 1066 3165 Ticinensis
1108 3089 1307 3190 originem,

193 3241 417 3319 progressus,
446 3213 491 3290 et'
512 3213 585 3289 lata
612 3227 795 3315 speotantg
829 3209 1030 3294 addidimus
1061 3207 1198 3286 tabulas
1228 3235 1305 3283 me«

194 3332 444 3433 teorologicas‚
467 3331 720 3434 epidemiarum
743 3330 1005 3408 observationes
1021 3329 1182 3432 proprias
1199 3325 1306 3432 ephe·

192 3451 387 3528 meridibus
412 3457 571 3554 junctas,
594 3465 699 3552 atque
724 3464 930 3554 prospectus
954 3446 1174 3548 nosologioos
1198 3469 1303 3522 men.

190 3567 276 3646 siles
312 3583 349 3644 et
383 3593 519 3646 annuos
554 3569 800 3671 chronologica
829 3569 917 3642 serie
927 3566 1020 3767 [psit
1067 3581 1147 3663 test
1170 3563 1303 3666 talique

191 3691 363 3766 industria
401 3693 558 3794 primum
593 3691 775 3792 posuimus
816 3687 926 3764 lunda
964 3701 1049 3762 entu
1127 3683 1302 3760 hactenus

193 3807 380 3885 desiderati
425 3805 609 3888 Tatutsrt·
649 3807 789 3906 ethici,
829 3807 867 3880 in
904 3829 1098 3909 perennem
1141 3815 1304 3883 actorum

193 3950 410 4004 memorium.
