3252 5166
308 273 380 366 234

307 405 380 464 tam
418 387 603 490 quandam,
637 389 816 472 delituisse
858 389 1085 491 qualitatem,
1125 412 1215 488 quar
1248 383 1352 458 nisui'
1382 383 1421 454 in'

305 509 534 610 liqnntinnem
560 511 819 612 suffiaganrur.
846 513 925 586 Non
951 510 1139 612 doluerunt
1173 508 1296 582 saltem
1334 505 1419 606 plu-

306 630 384 702 viae
410 628 572 724 crebrae,
597 631 865 726 inundationes,
881 630 1032 730 indeque
1049 626 1173 700 mador
1190 625 1276 698 a'c'ris
1294 621 1421 696 adulto

306 768 488 818 serenan
514 749 734 842 communis,
758 746 886 846 quibus
910 745 1142 818 scorbuticam
1174 741 1314 814 invitari
1340 739 1418 810 din-

309 862 423 958 thesin
466 861 686 938 medicorum
730 861 902 960 omnium·
932 863 1192 937 observationes
1232 873 1420 934 testantur.

308 981 476 1056 Nonnulli
504 983 594 1082 aegn'
631 1007 710 1056 eom
745 981 1016 1083 praesentabant
1051 979 1200 1054 formam
1238 975 1420 1068 scorbuti,

309 1125 417 1198 quara
442 1097 646 1174 Wrnrorr
664 1091 830 1173 morbum
854 1099 1072 1172 maculosum
1094 1092 1421 1196 hocnmmbagreunr

309 1221 468 1296 vocabat.
491 1221 636 1296 Praeter
660 1221 831 1322 epistarin
856 1207 1106 1312 artnentum,
1130 1208 1329 1317 petecclrias
1345 1213 1422 1285 len-

309 1339 493 1436 ticulam,
518 1341 725 1442 ampliores,
754 1340 971 1415 debilitatem
1007 1361 1204 1432 summam,
1240 1349 1276 1407 et
1311 1357 1419 1432 squa-

308 1453 422 1532 lorem
445 1455 706 1556 cacbccticum‚
730 1453 869 1532 nullum
886 1455 1092 1532 occurrebat
1107 1467 1307 1555 symptoma
1325 1476 1420 1524 mor-

309 1573 457 1672 bosum3
482 1577 639 1676 gingivae
672 1589 773 1649 erant
807 1577 859 1648 uti
894 1575 932 1647 in
966 1574 1069 1646 sanis.
1104 1573 1145 1643 ln
1185 1569 1260 1642 aliis
1294 1581 1420 1640 contra

311 1699 421 1794 aegris
446 1695 643 1770 scorbutica
669 1695 845 1796 dyserasia
871 1715 971 1766 suam
997 1689 1224 1792 tyrannidem
1253 1685 1299 1758 ad
1327 1684 1422 1758 solas

310 1815 466 1912 gingivas
491 1815 784 1914 circumscripsit,
817 1835 908 1913 quae
941 1811 980 1882 in
1015 1808 1159 1882 exordio
1184 1805 1266 1878 mali
1304 1803 1420 1876 mani·

311 1930 440 2004 t'cstum
465 1955 667 2032 processum
692 1929 922 2031 plrlogoseos,
946 1941 1122 2002 tumorem
1147 1936 1293 2023 utpote,
1317 1918 1418 1993 dolo·

311 2073 408 2145 rem,
433 2049 599 2124 ruborem
623 2064 660 2122 et
684 2050 835 2123 calorem
861 2046 1081 2140 obtulerunt,
1106 2035 1272 2118 febricula
1303 2041 1418 2133 irrita·¹

313 2168 386 2240 tiva
411 2167 550 2241 comite.
574 2163 656 2238 Pari
681 2179 798 2239 autern
825 2180 983 2266 tempore
1015 2161 1128 2237 foetor
1157 2161 1251 2254 oris,
1280 2155 1419 2232 exulce-

313 2285 404 2358 ratio
445 2283 491 2358 ad
527 2283 700 2383 margines
735 2283 974 2382 gingivarum,
1009 2279 1170 2353 dentium
1206 2273 1350 2374 nigredo
1386 2286 1422 2346 et

313 2399 516 2498 vacillatio3
557 2425 709 2473 unacum
752 2397 874 2472 babitu
917 2397 1145 2490 eacbectico,
1185 2392 1421 2467 scorbuticam

237 2551 247 2574 ·
294 2508 529 2617 'dyscrasiam
553 2515 796 2614 declararunt,
819 2515 914 2590 unde
948 2517 1079 2590 rilindis
1106 2516 1255 2615 copricae
1290 2535 1422 2584 nomen
1502 2581 1504 2586 .

314 2634 581 2735 impertivimus,
622 2635 809 2708 Caeterum
833 2633 930 2707 nulla
956 2632 1043 2729 alia,
1088 2659 1178 2733 quac
1214 2627 1422 2704 scorbuticis

313 2752 413 2851 priva
431 2773 506 2826 esse
521 2752 656 2850 solent,
678 2753 922 2854 phaenomena
948 2751 1149 2853 adparuere.
1175 2751 1218 2822 ln
1242 2746 1422 2849 plerisque

314 2871 453 2945 casibus
479 2899 622 2973 magnos
647 2873 784 2975 splenes
809 2873 1027 2966 invenimus,
1058 2871 1119 2972 qui
1154 2865 1277 2969 procul
1312 2865 1424 2940 dubio

315 3015 417 3064 suam
449 2991 494 3066 ad
529 3007 646 3066 ortum
686 2993 841 3066 scorbuti
879 2990 1077 3092 symbolam
1113 2987 1347 3064 coutulermt‘
1370 3027 1424 3042 ·-

314 3107 423 3180 Acida
455 3108 683 3208 vegetabilis,
713 3135 853 3205 amara,
889 3109 1004 3182 tonica
1042 3121 1078 3180 et
1112 3105 1326 3185 stomachica
1356 3127 1425 3204 pro

314 3248 382 3299 usu
406 3227 567 3323 intento,
592 3243 697 3330 atque
722 3229 905 3304 collatoria
936 3255 979 3302 ex
1010 3225 1156 3302 decocto
1191 3225 1315 3299 hordei
1340 3251 1424 3298 cum

315 3357 415 3417 aceto
441 3345 530 3418 rotis
556 3346 767 3420 adamussim
792 3345 1072 3448 respondebant,
1095 3347 1143 3418 ita
1170 3357 1210 3417 ut
1227 3343 1272 3416 ad
1296 3357 1423 3444 potend
1485 3349 1487 3354 '

314 3453 404 3535 tiora
430 3462 603 3558 remedia,
627 3465 784 3538 cardiaco
814 3465 873 3538 vel
903 3464 1151 3564 adstringentis
1187 3461 1334 3536 transire
1362 3485 1427 3532 su·

314 3578 490 3682 perssuum
514 3595 614 3656 esset

713 3707 818 3756 nonar
836 3707 1023 3756 sroruarcr.
1111 3735 1115 3742 -

364 3817 596 3918 Adolescens,
628 3823 669 3894 18
694 3847 805 3896 annos
831 3835 950 3918 natus,
975 3825 1046 3924 jam
1071 3849 1089 3894 a
1113 3821 1273 3923 pluribus
1290 3819 1425 3894 bebdo-

315 3937 427 4012 madis
450 3937 633 4014 rheumate
658 3965 746 4039 vago
771 3941 1011 4036 excruciatus,
1045 3966 1111 4012 nec
1138 3939 1181 4013 ab
1217 3941 1315 4018 ornni
1341 3937 1421 4040 pel-

314 4054 431 4155 lagrne
454 4058 652 4159 suspicione
676 4058 860 4153 immunis,
884 4072 1015 4131 terram
1040 4058 1183 4130 intentis
1213 4057 1346 4131 viribus
1374 4055 1425 4128 io-

314 4173 454 4270 deado,
478 4177 643 4277 gravique
669 4174 754 4250 ralla
781 4173 900 4276 glebas
924 4175 1212 4270 comminuendo,
1233 4177 1422 4274 repentino

315 4291 499 4366 incessitur
515 4291 636 4368 dolore
646 4349 656 4390 ,
668 4309 790 4395 pectus
805 4292 913 4394 cultri
928 4295 1040 4368 buter
1060 4293 1292 4392 transigente.
1310 4293 1425 4392 Aeger

315 4409 392 4482 sine
417 4412 514 4484 mo'ra
541 4411 791 4488 Nasocomium
817 4411 988 4516 penebat,
1013 4413 1120 4513 inque
1147 4427 1303 4487 nostram
1319 4411 1427 4485 Scho-
