3228 5166
299 471 443 550 cunque
486 447 631 523 demum
666 447 712 522 sit
737 449 991 550 ,opinionem
1026 447 1269 550 plausibilibus
1305 473 1410 549 argu

297 571 426 644 nserrtis
451 567 664 642 suffultam
654 581 863 676 intertexere
888 593 961 642 non
983 567 1205 642 haesitamus.
1221 611 1272 624 -
1289 569 1410 658 Quum

297 713 415 762 errare
437 685 634 793 humanum
649 686 696 760 sit
705 670 855 787 ,neque
872 711 939 761 nos
956 685 1000 760 ab
1018 711 1115 760 omru
1105 669 1260 760 menda
1277 683 1411 759 alienos

297 829 393 902 esec,
417 802 602 878 credimus
604 742 746 904 ,idqire
771 803 920 879 carrdide
936 805 1155 879 confitemur.
1173 803 1292 895 Quare
1308 827 1410 904 prae·

297 937 487 1036 conceptas
520 921 639 1018 ideas,
666 921 750 994 licet
780 921 944 1022 propriae
973 921 1150 996 arrideant
1180 921 1316 1008 menti,
1345 919 1411 994 ιοιι

296 1027 517 1116 literatorum
540 977 754 1142 reipriblioae
780 1037 924 1114 veluti
914 1063 1139 1114 inconcussas
1165 1023 1328 1114 veritates
1344 1035 1410 1112 οιι·

296 1156 438 1232 undae
454 1154 545 1232 velle
556 1181 692 1257 ,aeque
709 1154 941 1257 vituperabile
957 1179 1162 1253 cerasemus,
1178 1181 1220 1229 uc
1236 1155 1275 1228 in
1291 1179 1411 1228 errore

295 1299 528 1378 perseverare.
553 1271 789 1348 Theoremata
812 1272 967 1348 medica⁴
973 1298 1128 1374 eousque
1154 1270 1230 1374 jure
1254 1273 1407 1362 civitatis

296 1396 500 1496 priventur,
523 1405 665 1470 necesse
689 1385 763 1492 est,
787 1393 901 1468 donec
927 1395 1085 1476 ιιιιιιιιιιιιι
1110 1393 1266 1496 plurium
1291 1407 1329 1470 et
1352 1420 1411 1468 va-

297 1511 446 1588 lentium
470 1513 664 1614 peritorum
688 1527 774 1588 voto
802 1513 937 1588 sancita
970 1509 1110 1588 lueriut.
1143 1512 1297 1586 Lubenti
1330 1509 1412 1586 ideo

297 1634 417 1708 ammo
440 1631 590 1708 aliorum
614 1631 759 1708 consilia
775 1647 813 1707 at
834 1619 964 1735 judicia
980 1645 1207 1734 exoptamus,
1231 1633 1278 1708 ad
1294 1659 1413 1708 eruen-

297 1747 434 1826 dandas
455 1762 493 1824 et
514 1750 743 1850 perficiendas
768 1751 951 1850 opiniones
976 1776 1115 1851 semper
1133 1751 1256 1852 parati.

348 1866 576 1944 Adumbratis
601 1867 701 1942 brevi
726 1866 862 1944 calaum
891 1866 1112 1968 potioribus,
1146 1891 1237 1968 quae
1273 1889 1339 1940 uos
1374 1867 1412 1939 ιιι

298 1981 542 2082 οιιιιιιιιιιιιιο,
567 1983 728 2060 docendo
753 1997 789 2058 et
812 1982 1000 2058 scribendo
1023 1996 1169 2083 regunt,
1193 1983 1411 2078 rationibus,

298 2100 398 2178 baud
420 2103 654 2202 incongruum
679 2127 754 2175 esse
778 2101 1055 2178 erdstimavimus
1091 2103 1268 2180 intentam
1303 2102 1411 2174 lusti·

299 2219 369 2294 tuti
394 2218 509 2294 ιιιιιιιιιι
544 2219 804 2316 conditionem,
838 2232 944 2320 atque
978 2218 1190 2296 methodum
1224 2217 1410 2296 didascali·

299 2347 400 2433 cam,
419 2361 494 2436 xqua
531 2335 579 2409 ad
614 2335 724 2410 lectos
760 2361 944 2436 aegrorum
978 2336 1134 2434 utimur,
1166 2337 1412 2438 praemittere,

299 2465 490 2554 antequam
514 2453 561 2528 acl
583 2454 659 2560 ipsa
683 2451 849 2532 resultata
873 2452 1096 2556 particularia
1127 2453 1412 2531 observationum

303 2567 511 2644 clinicorum
534 2584 762 2650 transeamus.
786 2571 851 2650 Ηιι
880 2585 999 2650 autem
1034 2571 1166 2675 ubique
1200 2573 1412 2648 meteorolo
1431 2611 1434 2618 v

279 2688 399 2788 sgicae
423 2688 653 2785 variationes,
677 2713 743 2762 ceu
773 2687 943 2792 palmaria
977 2689 1263 2792 epidemiologiae
1297 2689 1413 2788 basis,

300 2806 518 2906 antepositae
542 2805 774 2879 invenientur.

352 2926 397 3000 In
422 2925 690 3002 Noaocomio
659 2928 771 3002 ruvico
788 2925 906 3002 Sancti
923 2926 1077 3004 Mathaei
1093 2931 1238 3004 Pietatis
1262 2931 1413 3032 Papiae,

300 3043 434 3118 civium
450 3043 562 3120 nobili
579 3057 615 3119 et
630 3071 796 3145 generosa
812 3043 1020 3120 liberalitate
1036 3071 1131 3128 ιιιιιο
1158 3045 1225 3142 145
1234 3076 1245 3122 ι
1275 3061 1413 3146 erooto,

300 3175 338 3236 et
361 3161 506 3264 quidem
529 3163 567 3238 ιιι
592 3189 634 3237 ea
658 3163 734 3237 alae
758 3159 1045 3269 septentrionalis,
1062 3163 1186 3268 purte,
1210 3177 1301 3269 quae
1325 3165 1413 3241 Uni.

301 3283 475 3358 versitatis
499 3281 648 3382 adtingit
672 3283 793 3381 aedes,
815 3283 948 3385 basque
973 3309 1058 3362 cum
1090 3283 1153 3360 ιιιο
1184 3290 1309 3387 januae
1344 3311 1412 3388 opo

301 3401 507 3502 conjungit,
529 3399 604 3475 dno
638 3415 759 3475 extant
788 3401 990 3499 conclavia,
1013 3401 1152 3500 lucida,
1176 3403 1247 3479 alta
1272 3419 1310 3479 et
1333 3429 1414 3507 spa-

301 3521 412 3616 tiosa,
436 3518 570 3592 clinicis
605 3520 909 3604 exercitationibus
943 3520 1079 3619 dicata,
1112 3549 1265 3625 quorum
1300 3549 1412 3598 anum

301 3647 462 3737 tempore
487 3635 917 3733 Trasor1,alterumsub
945 3640 1108 3741 auspiciis
1142 3639 1253 3716 Ριιιιι
1289 3640 1412 3716 Fauna

301 3749 526 3826 aedificatum
542 3751 618 3826 luit
635 3753 794 3854 Utraque
815 3753 916 3852 aula,
940 3781 1070 3830 novem
1094 3753 1194 3832 lectis
1219 3755 1413 3854 instructa,

301 3897 343 3948 ac
367 3871 517 3973 proinde
547 3871 696 3946 totidem
730 3873 858 3948 diversi
892 3899 995 3948 sexus
1033 3871 1294 3974 aegrotantibus
1328 3876 1413 3950 reci-

301 3988 440 4092 piendis
464 3987 611 4087 idonea,
636 3989 760 4066 cellam
785 3991 852 4066 sibi
877 3991 1050 4076 adnexam
1087 3991 1196 4072 habet
1230 3991 1413 4093 exiguam,

300 4124 343 4183 nt
366 4109 550 4186 occasione
576 4108 718 4211 jubente
748 4112 877 4185 infirmi
916 4111 1103 4186 delirantes
1114 4113 1325 4248 ,iuquieti,
1347 4136 1411 4212 pu-

301 4227 386 4323 tidi,
420 4241 482 4304 aut
518 4229 719 4358 contagioso
756 4229 882 4306 morbo
915 4231 1043 4308 inlecti
1075 4233 1248 4334 separari
1264 4231 1409 4331 poasbrt.

303 4283 444 4431 Terbos
469 4369 574 4421 oecos
598 4345 636 4420 in
661 4345 785 4424 eadem
823 4373 905 4424 cum
942 4345 1117 4452 prioribus
1150 4347 1411 4448 contignatione
