3148 5170
315 361 387 454 264

312 479 484 574 refertum
499 475 536 550 in
554 473 750 580 pericardio
766 499 877 578 aquae
889 503 1043 580 parum3
1063 501 1167 553 vasa
1188 477 1338 577 majora
1356 499 1468 548 vacus.

310 593 523 668 Abdominis
549 607 677 668 cartrm
702 595 830 693 insigni
849 597 949 697 copia
965 598 1033 669 seri
1056 591 1360 696 sanguinolenti
1377 593 1469 664 innn-

310 712 457 808 datum,
484 713 543 784 cui
569 711 698 786 densae
732 715 937 788 irmatarunt
969 713 1184 816 placentae
1225 739 1250 786 e
1289 710 1466 809 coagrdato

311 827 438 900 tomice
463 826 594 902 fibrosn
619 827 809 926 conflatae,
832 833 963 931 partim
985 833 1280 906 intestinorum
1307 829 1464 904 anfracti-

308 949 378 1026 bus
405 953 613 1044 immersae,
647 951 778 1050 partim
806 952 964 1026 renalem
997 955 1210 1054 regionem
1255 949 1463 1053 explentes,

310 1091 462 1166 quarum
487 1063 700 1159 nonnullae,
725 1067 802 1138 sani
825 1066 962 1168 hepatis
993 1070 1189 1144 volumen
1229 1065 1464 1162 excedendo,

310 1189 457 1284 ejusque
481 1181 632 1254 formam
658 1194 694 1254 et
718 1194 893 1256 texturam
917 1185 1166 1282 mentiendo,
1214 1211 1264 1259 ro
1291 1182 1459 1257 libranrm
1548 1217 1550 1232 ·

310 1301 450 1402 pondus
475 1311 696 1398 superarunt
721 1299 931 1372 Stomachus
955 1303 1135 1402 exiguus,
1178 1315 1423 1396 contractus,
1443 1327 1460 1370 e

310 1413 461 1491 normali
484 1415 603 1515 positu
628 1427 806 1509 remotos,
830 1429 1031 1490 antrorsum
1055 1433 1095 1492 et
1115 1419 1173 1492 ad
1191 1418 1352 1494 laevum
1371 1418 1457 1490 latus

308 1557 469 1633 pressus,
502 1529 632 1631 pyloro
666 1527 834 1602 deorsum
858 1529 1019 1629 detorto,
1049 1547 1092 1606 ut
1121 1535 1212 1607 fere
1241 1533 1453 1608 umbilicum

309 1663 476 1749 tangeret
492 1649 591 1722 Pone
617 1645 856 1721 ventriculum
872 1660 991 1722 tumor
1006 1651 1287 1752 praegrandis,
1317 1648 1453 1723 neonati

308 1782 416 1868 caput
456 1790 632 1866 aequans,
669 1763 809 1860 durus,
842 1764 980 1861 ovalis,
1016 1768 1227 1844 vertebrali
1266 1767 1448 1867 columnae

308 1886 457 1992 firmiter
481 1883 702 1976 adhaerens,
727 1881 919 1982 capacitate
952 1882 1105 1958 duarum
1145 1887 1308 1960 circiter
1332 1880 1448 1984 liquidi
1547 1949 1550 1966 ,

308 1997 500 2095 librarum,
524 2025 633 2100 quem
656 1997 724 2070 sub
750 1998 916 2071 exactiori
940 1998 1108 2099 indagine
1137 2003 1277 2104 ipsum
1309 2023 1445 2074 saccum

310 2123 632 2222 anerrysmaticum
656 2115 784 2214 luisse,
809 2118 1016 2216 constabat,
1040 2145 1061 2194 a
1085 2121 1306 2222 penultima
1337 2131 1442 2194 verte·

308 2241 373 2314 bra
397 2237 525 2314 dorsali
541 2263 653 2338 usque
670 2236 716 2310 ad
734 2238 878 2310 tertiam
894 2237 1094 2315 lumbarem
1110 2255 1350 2340 protensum.
1367 2237 1439 2310 Duo

310 2361 409 2436 luere
431 2359 570 2454 hiatus,
601 2382 629 2458 e
656 2355 785 2458 quibus
821 2378 927 2431 eruor
951 2356 1074 2432 lethali
1098 2361 1185 2435 rivo
1219 2354 1436 2462 profluebat,

311 2505 419 2575 unua,
434 2477 583 2577 digitum
600 2474 702 2548 facile
717 2474 906 2576 recipiens,
918 2501 1025 2577 supra
1036 2477 1281 2553 insertionem
1297 2473 1437 2548 arteriae

309 2597 483 2673 coeliacae
517 2601 654 2695 (quarn
689 2590 770 2666 lusu
805 2606 952 2666 naturae
988 2593 1134 2696 duplam
1174 2592 1434 2678 invenimus),

311 2715 401 2790 alter
422 2739 535 2817 prope
565 2713 737 2813 originem
774 2715 925 2786 arteriae
961 2715 1221 2790 mesentericae
1253 2705 1430 2786 inferioris

311 2834 368 2908 Ex
391 2847 543 2934 utroque
567 2830 637 2904 hoc
662 2817 835 2904 foramine
859 2831 952 2904 sacci
986 2832 1267 2933 anevrysmatici
1298 2819 1429 2924 sanguis

311 2953 471 3054 primum
493 2951 532 3024 in
556 2950 744 3023 finitimam
769 2947 877 3024 talam
901 2947 1106 3028 cellularem
1136 2948 1360 3042 destillavit,
1391 2964 1427 3012 ac

312 3070 459 3144 tandem
482 3082 647 3170 superato
672 3068 866 3168 peritonaei
897 3067 1024 3166 obice,
1057 3093 1171 3171 eoque
1197 3066 1345 3144 duobus
1368 3085 1424 3162 ps-
1488 3141 1490 3149 ,

312 3189 400 3262 riter
434 3189 472 3260 in
508 3185 595 3260 locis
631 3185 798 3285 dirupto,
835 3187 931 3260 viam
966 3185 1035 3261 sibi
1058 3187 1096 3260 in
1121 3189 1260 3276 ventris
1286 3199 1422 3258 caveam

311 3307 458 3406 paravit
482 3305 634 3406 Apertae
660 3303 806 3405 cystidis
831 3305 1086 3406 crrysmaticae
1110 3306 1265 3407 parietes
1303 3291 1419 3384 massis

312 3435 349 3495 et
373 3421 477 3518 duri,
502 3421 655 3521 exceptis
681 3419 820 3494 duobus
845 3422 1007 3521 punctis,
1031 3421 1094 3494 ubi
1118 3422 1237 3497 rhexia
1263 3410 1421 3510 contigit,

314 3540 443 3618 tenens
468 3551 506 3610 et
528 3537 714 3634 marcidis,
748 3540 929 3613 internum
953 3539 1216 3638 velamentum,
1251 3557 1361 3638 aeque
1381 3548 1418 3598 ³⁶

311 3655 458 3729 srbroso-
459 3651 660 3727 musculare
684 3655 838 3728 rnanma
862 3656 901 3728 in
925 3671 1025 3757 parte
1043 3655 1285 3753 destructum,
1309 3645 1417 3725 tunica

230 3877 232 3880 v
311 3774 403 3847 vasis
428 3787 595 3869 externa,
620 3799 683 3848 seu
700 3773 891 3873 cellulnsa,
915 3775 982 3852 tuit
997 3777 1080 3876 illa,
1104 3805 1195 3880 quae
1218 3780 1414 3885 ipsum
1351 3789 1413 3842 ³³⁰

313 3917 397 3966 cum
422 3827 650 3988 efformatis,
686 3917 839 3993 namque
871 3919 1026 3968 unacum
1049 3899 1247 3971 numerosis
1272 3859 1414 3998 pseudo·

309 4007 601 4084 membranarum
630 4009 911 4086 vasculnsarum
930 4016 1052 4088 stratis
1083 4013 1151 4088 sibi
1185 4010 1410 4118 imposturae

310 4127 464 4204 invicem
488 4127 636 4200 tinniter
671 4130 844 4204 concretis
878 4131 917 4204 in
951 4131 1125 4206 fornicem
1149 4131 1407 4236 polypos-gru-

311 4273 453 4322 mosum
485 4247 739 4324 extendebatur
773 4249 893 4326 multis
930 4249 1081 4325 bracteis
1118 4255 1226 4326 osseis
1251 4246 1408 4353 rigidumr

313 4390 354 4440 ac
379 4365 570 4440 tuberculis
595 4365 841 4441 miliformibus
866 4369 1116 4470 conspersum,
1150 4371 1188 4443 in
1225 4377 1298 4476 ejus
1329 4379 1403 4437 cato

237 4512 241 4520 ·
312 4481 489 4578 sanguinis
526 4481 680 4584 coagula.
721 4485 883 4562 Posticus
925 4487 1070 4589 cystidis
1112 4490 1228 4592 paries
1268 4499 1402 4564 unacum
