3264 5194
1235 373 1304 451 253

194 497 402 597 gonisticam
417 493 626 572 methodum
643 515 822 570 recurrere
838 521 927 598 opus
944 507 1028 571 erat
1046 491 1174 572 Morbo
1190 494 1306 572 adhuc

192 618 430 693 invalescente
446 616 634 690 utebamur
642 616 846 716 'sinapismia
863 615 968 690 dorso
984 614 1118 716 pedum
1135 615 1308 710 admotis,

192 749 231 810 et
254 734 400 837 quidem
424 733 665 808 lubentissime
682 758 804 808 versus
828 754 1036 834 vesperam,
1059 731 1147 806 dum
1163 756 1309 815 consue·

192 867 250 927 tae
274 849 555 926 exacerbationes
580 848 891 949 ingrediebantur,
915 863 957 923 ut
986 849 1164 924 beneficos
1195 850 1309 924 medi·

192 971 331 1043 cati-icis
356 982 503 1043 conatus
527 966 795 1042 suffulciremus.
820 969 992 1068 Superato
1009 965 1219 1068 phlogoseos
1235 992 1309 1040 ma-

192 1091 289 1162 ximo
311 1090 474 1188 impetu,
497 1086 732 1162 vesicantibus
749 1087 797 1162 ad
811 1113 930 1182 suras,
946 1086 1111 1185 brachia,
1128 1101 1165 1162 et
1181 1085 1308 1162 ultimo

193 1205 240 1278 ad
262 1219 423 1280 aternum
446 1204 620 1306 adplicitis
646 1219 805 1306 optatam
830 1205 1068 1282 revulsionem
1092 1204 1137 1280 ab
1174 1233 1308 1306 organo

193 1320 323 1416 clamito
347 1323 503 1421 efficere,
518 1338 624 1426 atque
640 1349 865 1428 suppressam
881 1326 1189 1428 transpiratiunem
1205 1351 1308 1402 reru-

193 1465 273 1513 eare
298 1440 537 1522 studebamus.

243 1555 344 1650 Quae
368 1557 426 1632 die
450 1559 602 1659 septimo
625 1559 707 1633 crisi
737 1557 886 1634 solemni
917 1557 1052 1634 solutae
1082 1584 1157 1632 non
1187 1557 1308 1653 fuere,

191 1672 526 1774 peripneumoniae,
560 1677 746 1776 repentino
781 1677 913 1751 virium
941 1675 1066 1776 lapsu,
1097 1665 1310 1776 pulmonum

192 1791 400 1866 sclcromate
412 1792 493 1890 ,vel
509 1791 771 1895 hydrutlrorace
792 1809 897 1868 acuto
913 1794 1085 1894 parabant
1108 1793 1308 1868 discrimen.

193 1911 419 2012 Camphom,
436 1910 611 2009 Calomel,
626 1913 774 1988 Kermes
798 1913 984 2009 minerale,
1000 1927 1036 1987 et
1051 1913 1209 2012 Digitalis
1226 1939 1309 2014 pur·

191 2054 322 2129 porea,
345 2057 412 2131 pro
437 2031 780 2104 circumstantiarum
805 2033 974 2106 varietate
997 2057 1081 2107 mox
1101 2029 1192 2126 sola,
1221 2054 1306 2104 mox

192 2146 230 2218 in
256 2146 434 2220 connubio
458 2149 666 2248 propinata,
688 2149 726 2221 iu
751 2147 929 2249 plerisque
960 2147 1098 2222 casibus
1129 2145 1308 2220 mirabiles

193 2264 352 2340 tulerunt
375 2268 574 2367 suppetias,
598 2267 864 2342 avermncando
889 2281 1007 2341 tamen
1032 2265 1129 2340 letho
1154 2266 1303 2366 imparia

193 2383 291 2458 fuere
325 2384 364 2456 in
398 2385 530 2458 rustico
567 2385 882 2487 quinquagenario,
917 2391 1017 2487 cujus
1052 2381 1237 2460 historiam
1264 2385 1304 2456 in

191 2499 401 2602 Necrologio
424 2527 548 2576 sumus
572 2504 773 2606 exposituri.

241 2619 359 2693 Status
384 2619 649 2720 atmosphaerae
665 2629 745 2696 eain
760 2621 975 2697 sortitus'est
995 2621 1308 2723 permutationem,

192 2761 283 2836 quae
319 2738 536 2812 membranis
571 2741 761 2841 muciparis
796 2746 1000 2842 majorem,
1036 2767 1144 2840 mam
1180 2741 1306 2813 serosiu

192 2868 327 2928 struere
351 2857 536 2930 consuevit
559 2855 727 2956 insidias,
756 2882 865 2958 quare
895 2857 1061 2956 pauciora
1091 2855 1160 2930 hoc
1184 2881 1307 2929 mense

192 2971 336 3048 fuenmt
359 2972 686 3050 rhewmmmomm
711 2975 880 3076 exempla.
907 2977 987 3077 Ipsa
1004 2975 1150 3077 pleura,
1171 2977 1209 3049 in
1226 3002 1304 3075 gra·

192 3088 342 3164 vissimis
367 3093 474 3166 etiam
498 3092 820 3194 peripneumoniis,
843 3094 985 3167 nonnisi
1008 3117 1090 3169 raro
1115 3096 1305 3195 compatie-

190 3201 306 3284 batur.
330 3207 467 3282 Unicus
493 3223 633 3284 tantum
656 3235 757 3284 casus
774 3211 996 3310 pansnmae
1017 3210 1304 3286 inflammationis

191 3321 405 3422 pulmonum
433 3326 661 3403 isochrouum
692 3327 864 3404 offerebat
893 3331 1093 3404 mediastini
1125 3336 1308 3408 anterioris
1366 3319 1369 3327 ¹

191 3439 407 3518 incendium.
431 3445 624 3546 Diagnosin
653 3445 759 3549 hujus
796 3445 1051 3522 Mesochm'tidis
1081 3447 1303 3550 deprompsi-

191 3581 273 3632 mus
296 3585 340 3633 ex
373 3559 498 3636 iisdem
531 3563 856 3666 symptomatibus,
888 3591 980 3666 quae
1010 3570 1083 3669 jam
1112 3592 1133 3640 a
1164 3565 1307 3668 semige-

190 3694 269 3755 rato
292 3682 386 3756 inter
410 3682 566 3759 medicos
590 3683 723 3760 Arabes
753 3687 977 3784 duracunt,
1006 3685 1104 3761 hunc
1137 3686 1305 3762 morbum

190 3821 377 3900 perpesso,
400 3799 684 3900 adnotabantur,
707 3802 892 3880 videlicet:
922 3829 943 3878 e
973 3805 1156 3903 gravativo
1180 3803 1305 3879 dolore

190 3915 229 3990 in
251 3918 371 3994 medio
395 3918 570 4016 thoracis,
594 3925 691 4022 juxta
715 3925 825 3997 sterni
849 3921 1113 4023 longitudinem
1130 3923 1305 4024 usquead

190 4033 429 4135 cartilaginem
453 4037 692 4139 xyphoideam
716 4052 902 4140 porrecto,
934 4063 957 4112 e
994 4063 1100 4112 sensu
1126 4039 1305 4137 angustiae

191 4167 228 4226 et
251 4153 385 4229 ardoris
410 4157 594 4252 intestini,
611 4156 854 4258 inquietudine
888 4179 1027 4230 summa
1057 4169 1094 4229 et
1128 4156 1185 4228 siti
1210 4157 1304 4228 insa·

190 4269 313 4344 tiabili.
338 4271 490 4348 Raricris
515 4273 793 4375 complicationis
818 4299 962 4350 causam
987 4275 1106 4375 potius
1139 4275 1177 4346 in
1201 4299 1305 4373 prae·

191 4387 338 4463 cedente
373 4389 525 4465 thoracis
559 4393 666 4468 antici
696 4393 937 4495 percussione,
968 4417 1078 4493 quam
1108 4393 1146 4465 in
1176 4392 1305 4464 consti-

191 4507 327 4584 tutione
352 4509 546 4614 epidemicu
570 4513 827 4616 quaesivimus,
851 4510 978 4589 cecidit
1000 4509 1096 4586 erim
1122 4523 1304 4610 reputans
