3264 5194
1265 295 1326 370 131

224 408 411 509 exempla,
435 423 472 483 et
495 411 558 510 qui
582 407 649 482 sub
674 408 825 500 decursu
849 409 1053 488 morborum
1078 409 1253 490 sebrilium
1277 444 1334 490 su·

222 527 331 601 binde
356 539 463 627 caput
487 525 613 602 extulit
636 525 818 602 character
840 551 1010 606 nervosus
1025 585 1036 627 ,
1049 529 1153 632 longe
1178 533 1333 610 crebrius

223 643 358 719 vin'bus
383 644 518 719 obrutis
551 658 588 720 et
620 647 843 746 suppressis,
876 671 985 748 quem
1020 672 1124 722 verae
1157 649 1335 726 asthoniae

224 762 433 838 tribuendus
471 777 555 836 erat
579 803 631 826 ι·-
659 765 740 865 Ipse
775 763 836 838 ille
871 765 1053 840 character
1088 768 1338 866 stationarius,

225 881 520 962 constitutionum
545 880 821 982 epidemicarum
845 881 1036 982 choragiis,
1053 883 1116 984 qui
1132 883 1220 958 alios
1234 911 1338 986 quos-

225 1000 281 1072 vis
305 996 448 1072 morbos
472 1021 576 1072 suum
601 1000 701 1099 quasi
725 997 792 1073 sub
816 1003 940 1100 jugum
964 1001 1100 1100 cotgit,
1122 1026 1255 1104 suaque
1287 1003 1337 1076 eis

225 1123 302 1218 jura
326 1116 495 1213 dictavit,
519 1116 565 1190 sd
588 1115 749 1192 altiorem
773 1117 967 1218 epidemise
990 1115 1164 1220 hyemalis
1189 1117 1336 1218 gradum

225 1235 323 1308 haud
346 1261 472 1336 pamm
497 1234 686 1310 contulisse
711 1233 878 1331 videtur,
901 1235 997 1310 unde
1025 1237 1337 1338 peripneumoniae
1408 1268 1412 1283 ·

226 1357 448 1454 gravissimae
473 1369 510 1428 et
533 1354 792 1454 arigiostheniae
817 1352 957 1428 lebriles
973 1353 1104 1428 multos
1120 1353 1338 1432 demiserunt

227 1473 273 1548 ed
297 1472 461 1568 umbras,
484 1472 534 1546 ita
559 1487 600 1546 ut
623 1473 713 1546 inito
743 1467 946 1548 Nosooomii
982 1471 1249 1576 diptychorum,
1265 1471 1339 1564 osl-

226 1592 308 1666 culo
332 1606 472 1666 sextum
495 1590 648 1692 quodvis
671 1591 778 1666 strnue
803 1618 824 1664 a
848 1591 1115 1692 pneumonitide
1139 1607 1238 1666 esset
1265 1593 1338 1666 Me-

227 1709 298 1782 dici
325 1710 458 1809 passim
491 1709 736 1782 necessitatem
774 1708 1002 1807 generosioris
1036 1733 1121 1781 usus
1150 1707 1337 1813 phleboto-

226 1826 379 1899 miarum
401 1838 674 1924 perspexerunt,
689 1824 776 1924 quin
800 1824 947 1902 forsitan
970 1849 1112 1898 causam
1141 1839 1335 1924 arguerent

229 1943 300 2034 Qui
325 1939 575 2016 moderationis
600 1940 774 2016 cancellos
797 1965 872 2016 uon
896 1939 1137 2038 excedebant,
1166 1941 1337 2036 feliciores

228 2060 326 2133 suere
350 2057 446 2154 illis,
470 2059 532 2160 qui
563 2057 667 2133 latice
698 2056 796 2134 vitali
830 2055 987 2158 largius,
1020 2083 1128 2160 quam
1155 2083 1221 2159 per
1256 2073 1339 2155 est,

227 2173 384 2272 educto,
419 2174 623 2274 viribusque
658 2175 843 2248 exinanitis
879 2175 1019 2248 criticos
1054 2173 1339 2254 sufflamuabant

226 2305 392 2388 conatus,
415 2289 474 2368 vel
497 2289 771 2366 immedionbiles
794 2289 871 2366 lues
894 2291 1102 2394 posthumae
1127 2293 1336 2370 invitabant.

226 2412 291 2482 Ast
324 2407 428 2509 longe
460 2414 562 2511 pejus
596 2408 713 2484 adhuc
751 2407 984 2490 madebantur
1017 2409 1147 2486 medici
1181 2413 1336 2487 erroneis

226 2529 406 2629 principiis
431 2528 633 2626 obcoecati,
663 2529 725 2631 qui
757 2529 944 2604 narcoticis
975 2531 1145 2626 venenis,
1176 2529 1338 2630 digitali,

226 2647 393 2742 aconito,
426 2643 674 2742 lauroceraso,
712 2645 814 2729 acido
847 2643 1058 2744 borussico,
1090 2646 1337 2750 phlogisticarn

227 2761 407 2838 flammam
437 2765 636 2863 extinguere
665 2763 732 2836 sibi
761 2765 850 2860 visi,
873 2789 995 2837 recens
1023 2765 1142 2864 potius
1166 2763 1338 2866 pabulum

228 2881 565 2983 eisuppeditabant.
590 2879 755 2958 Vidimus
789 2881 871 2958 ideo
904 2881 1094 2958 nonnullos
1127 2883 1338 2960 medicando

228 3013 323 3078 recte
348 2999 485 3096 lucere,
508 2997 600 3074 alios'
620 3013 742 3074 contra
766 2997 977 3078 medicando
1000 3025 1157 3100 peceare.
1174 3001 1271 3074 Inter
1290 3000 1338 3075 23

227 3117 556 3218 peripneumonicos
580 3117 649 3191 hoc
678 3141 772 3192 anno
805 3117 844 3190 in
880 3115 1006 3193 Schola
1031 3115 1155 3191 clinice
1180 3129 1336 3217 pertrec-

228 3251 320 3310 tatos
353 3235 570 3337 perdidimus
598 3235 646 3333 43
679 3260 761 3336 ergo
794 3233 910 3309 stabat
937 3236 1120 3336 proportio
1150 3235 1336 3311 defuncto·

229 3383 309 3430 rum
333 3355 380 3429 ed
404 3369 562 3451 curatos,
587 3355 639 3428 uti
670 3381 711 3456 ¹7
737 3353 784 3428 ad
814 3353 1338 3450 1oo.b1Nosooomiosutem,

226 3473 326 3574 quod
349 3498 444 3547 atino
474 3473 592 3569 1818,
616 3471 692 3546 eliis
717 3471 818 3546 annis
842 3470 947 3570 louge
980 3471 1090 3571 magis
1120 3469 1338 3566 morbilevo,

227 3591 327 3666 5135
352 3605 512 3693 aegrotos
536 3593 684 3693 recepit,
707 3589 930 3666 mortalitatis
954 3591 1156 3692 proportio,
1175 3589 1222 3664 ed
1245 3589 1338 3666 solas

227 3713 534 3814 peripneumonias
576 3713 870 3813 circumscripta,
903 3736 942 3784 se
966 3709 1091 3784 habuit
1124 3713 1177 3786 uti
1208 3736 1255 3813 ,η
1289 3711 1338 3792 ed

236 3843 330 3925 roo,
353 3829 391 3901 in
415 3827 626 3929 quibusdam
658 3827 746 3902 aulis
779 3827 886 3929 plane
911 3828 963 3902 uti
991 3853 1039 3927 29
1080 3827 1127 3904 od
1173 3850 1266 3904 mo.-
1287 3863 1340 3886 ·-·

229 3945 334 4020 Arrno
373 3947 482 4041 1820,
507 3945 710 4045 etquidem
735 3944 780 4018 ab
805 3959 1079 4041 cosmomento,
1113 3970 1186 4048 quo
1220 3943 1337 4026 totalis

227 4063 356 4136 accidit
389 4061 478 4136 Solis
514 4061 680 4163 eclipsis,
711 4059 895 4136 character
926 4061 1149 4159 stationarius
1182 4061 1336 4162 repenti·

174 4277 178 4286 .
227 4207 311 4296 nep]
342 4197 378 4256 et
393 4183 578 4260 mirificem
593 4182 724 4260 subivit
746 4181 1064 4287 permutationem,
1088 4207 1153 4258 suo
1178 4194 1337 4284 temporo

227 4299 462 4378 iudicandam.
