3252 5166
330 357 404 451 204
963 405 965 412 ·

328 477 471 578 licitur,
495 473 760 555 consolidantur
783 477 996 580 apbtlraeet
1020 473 1142 578 plagae
1166 475 1257 550 cutis
1280 499 1301 549 a
1325 474 1445 577 ruptis

327 591 435 668 bullis
462 593 628 690 relictae,
656 621 720 697 per
752 609 866 670 totum
885 593 1076 668 ambitum
1110 617 1235 692 magua
1269 593 1445 666 seccdrmt

327 727 509 787 emortuae
534 713 761 815 epidermid'u
786 713 1007 814 fragmenta,
1030 713 1181 788 redeunt
1204 711 1387 814 cupidines
1403 726 1446 786 et

327 823 442 924 vires,
466 853 567 930 aegra
593 830 909 906 convalescentiam
940 831 1061 931 tangit.
1085 873 1137 888 -
1160 831 1227 904 Die
1258 857 1287 904 r.
1310 827 1442 931 Aprilis

327 953 446 1022 autern
471 947 611 1022 incauta
636 947 860 1024 stomachum
883 949 1002 1024 nimiis
1027 963 1150 1050 gravat
1174 942 1342 1047 ferculis,
1366 955 1440 1051 jam

327 1057 374 1138 ad
398 1087 560 1168 resperas
585 1059 716 1163 febrit,
740 1070 855 1169 capite
879 1065 1003 1162 dolet,
1032 1067 1199 1166 angitur,
1232 1080 1360 1140 cuncta
1385 1065 1444 1139 fa«

326 1181 435 1255 scidit
465 1183 679 1285 Propinatur
713 1177 870 1258 inlusum
905 1183 1031 1256 radicis
1067 1182 1156 1256 llbei
1193 1207 1278 1256 cum
1308 1207 1440 1256 arcano

326 1296 528 1398 duplicato,
552 1322 624 1402 quo
648 1298 748 1375 alvus
769 1299 959 1402 aliquoties
973 1313 1082 1374 noctu
1099 1323 1182 1372 cum
1199 1293 1441 1373 emolumento

327 1417 450 1492 cietur.
474 1419 540 1492 Die
571 1443 615 1492 a·
638 1443 742 1494 mane
779 1413 965 1517 mmissiot
997 1413 1135 1520 ‘vesperi
1172 1425 1297 1492 auctus
1331 1415 1441 1490 febris

327 1557 411 1608 cnm
435 1535 678 1637 inquietudine
702 1555 858 1632 summa,
881 1528 937 1610 siti
963 1529 1187 1637 inexplebili,
1204 1535 1441 1612 metecrismo.

327 1653 512 1755 Repetitur
534 1656 686 1730 mixtura
712 1655 913 1730 cathartica.
937 1655 1004 1728 Dic
1029 1649 1063 1728 5.
1088 1653 1320 1728 subdelirium
1332 1709 1347 1754 ,
1371 1653 1442 1728 tin-

327 1775 423 1848 nitus
448 1775 608 1870 aurium,
624 1767 742 1876 lingua
758 1772 891 1848 munda
915 1764 980 1847 sed
1002 1773 1115 1869 sicca,
1138 1769 1287 1872 languor
1311 1773 1443 1849 virium

327 1889 580 1964 muscularium
604 1917 789 1988 summus,
813 1887 910 1965 calor
934 1883 1104 1986 mordax,
1127 1887 1228 1964 alvus
1253 1889 1444 1990 quinquies

326 2021 450 2103 mou,
473 2007 595 2109 pubus
620 2005 744 2106 citati,
767 2007 891 2109 pleni,
914 2005 1095 2082 tantillum
1127 2008 1315 2108 suppressi.
1348 2007 1442 2080 Mix-

327 2132 406 2198 tura
431 2121 683 2198 rhabarbarina
708 2123 899 2224 majoribus
924 2122 1117 2198 intervallis
1141 2123 1353 2220 exhibetur,
1384 2124 1441 2195 in·'

327 2240 548 2342 terponendo
573 2265 676 2314 usum
701 2235 808 2315 inlusi
833 2235 1111 2338 Chamomillae,
1135 2253 1240 2342 atque
1255 2240 1329 2315 duo
1352 2241 1443 2313 vesi-

328 2361 444 2435 eantia
468 2362 558 2435 suris
583 2361 813 2462 adplicantur.
838 2357 905 2436 Dic
936 2381 970 2464 7.
1004 2366 1077 2462 jam
1113 2359 1249 2434 nullum
1283 2359 1441 2459 amplius

330 2493 408 2552 crat
443 2477 593 2552 dubium
626 2477 835 2553 characteris
874 2481 1011 2553 tremori
1045 2471 1185 2579 febrem
1222 2471 1441 2550 saburrulem

324 2597 543 2702 prementis,
567 2623 676 2700 quam
705 2591 903 2673 diadochen
928 2599 1101 2672 funestam
1127 2611 1165 2672 et
1192 2595 1351 2697 rapidam
1375 2595 1440 2670 de-

327 2711 456 2791 bilitati
481 2741 502 2789 a
527 2717 621 2816 gravi
648 2715 773 2792 morbo
797 2714 967 2814 relictae,
991 2729 1027 2788 et
1052 2716 1142 2788 cutis
1173 2715 1313 2787 muneri
1347 2739 1440 2786 non·

328 2831 417 2909 dum
442 2832 655 2908 adamussim
679 2835 841 2908 restituto
865 2831 1062 2906 tribuimus.
1097 2827 1299 2931 Camphora
1322 2830 1440 2904 nervis

327 2944 502 3048 blandiri,
526 2949 760 3025 vesicantibus
791 2963 911 3024 centra
946 2949 1148 3050 systematis
1183 2948 1324 3022 nervosi
1357 2973 1439 3048 pes·

328 3063 490 3141 eumduta
515 3065 690 3164 liberam,
713 3064 831 3142 infuso
857 3066 1023 3141 Mcutbac
1047 3078 1089 3140 et
1112 3065 1239 3140 radicis
1265 3063 1442 3140 Columbo

328 3181 553 3261 labefactatas
568 3185 753 3261 ventriculi
769 3187 860 3262 vires
877 3187 1052 3286 vigorem,
1066 3181 1241 3284 simulque
1258 3196 1442 3283 urgentem

328 3301 552 3378 dianboeam
587 3305 777 3404 reprimere
812 3303 1037 3379 conabamur.
1072 3302 1175 3378 Votis
1205 3301 1441 3403 respondente

329 3443 437 3514 cura,
461 3446 600 3520 aegram
624 3419 734 3496 veluti
759 3447 802 3496 ex
826 3421 912 3496 Orci
937 3419 1095 3498 faucibus
1119 3433 1277 3522 ereptam
1298 3418 1356 3494 die
1383 3420 1441 3513 ad.

329 3535 460 3637 Aprilis
485 3537 691 3612 dimisimus.

378 3653 411 3726 E
436 3653 611 3753 praesenti
637 3679 719 3728 casu
743 3653 953 3732 saudauma
972 3636 1214 3757 perapliigod's
1238 3657 1277 3726 ia
1297 3649 1439 3752 fibram

325 3774 675 3868 gornaco-nervosam
712 3795 894 3846 conuersae
932 3773 1112 3872 sequentia
1148 3769 1365 3846 didicimusz
1389 3811 1442 3826 —

337 3909 349 3958 r
379 3883 545 3960 Furnium
579 3885 786 3960 scarlatinae
820 3911 886 3960 nec
911 3913 1050 3989 semper
1075 3887 1230 3988 glabram
1256 3911 1349 3983 esse,
1371 3909 1439 3958 nec

328 4003 448 4101 illam,
464 4029 484 4078 a
500 4005 621 4079 Psrno
646 4003 805 4080 Faunrro
829 4019 1010 4103 notatam,
1034 4006 1334 4082 modificationem
1350 4029 1442 4080 scar-

328 4122 457 4200 latinae
492 4123 716 4221 miliformis,
756 4125 898 4198 unicam
937 4127 1059 4199 sistere
1101 4122 1345 4220 anomaliam,
1378 4119 1444 4196 sed

328 4245 436 4318 etiam
475 4239 581 4317 bullis
621 4241 813 4345 majoribus
854 4243 1034 4318 interdum
1068 4241 1299 4318 intermisceri
1329 4263 1442 4341 posse.

331 4385 365 4435 a.
388 4359 580 4460 Phlogosin
604 4357 867 4436 scarlatinosam
882 4385 957 4435 non
973 4357 1089 4436 solum
1113 4357 1159 4436 ad
1175 4371 1295 4432 cutem
1312 4371 1349 4431 et
1364 4355 1442 4430 lau·

329 4477 590 4582 ees,scdsupcr
602 4491 717 4554 totum
730 4475 1200 4580 ambitum-membranarum
1210 4497 1441 4560 mucossruur
