3264 5194
186 462 276 540 qune
314 441 363 514 eis
398 439 506 513 relate
544 438 591 512 ad
625 439 779 538 spatium
810 439 1080 540 correspondet,
1114 345 1296 514 exeduli»

186 555 415 656 plrlogistieae
450 557 552 652 bilis,
586 581 627 628 ac
664 555 822 629 eurinene
851 555 1106 634 humorum-ln
1129 579 1294 658 conpont-

185 680 317 748 tionem
340 677 458 770 nisns3
474 715 525 736 -·
540 671 704 773 hyberno
721 687 880 773 tempore
896 687 933 746 et
947 673 986 748 in
1003 672 1142 748 climate
1167 673 1297 775 hyper·

184 793 295 867 boreo
320 791 547 866 exuberantia
573 790 719 864 srbrinae
744 789 932 891 plasticae,
956 788 1022 862 sub
1048 791 1210 892 oxygonii
1235 815 1299 890 po-

186 925 314 985 testate
339 911 464 1012 majori
490 905 591 984 facile
615 909 933 1006 sole'descentim—
950 911 1179 1009 aequinoctiis
1196 929 1302 1005 vero,

186 1030 308 1127 eisque
333 1026 480 1127 analogo
505 1025 646 1100 climate
672 1039 867 1127 temperato
893 1040 929 1098 et
964 1025 1059 1122 udo,
1084 1025 1225 1100 uberior
1248 1027 1299 1098 el-

188 1145 494 1239 lonnatiomuoi,
517 1145 609 1239 seri,
632 1158 668 1216 et
692 1141 904 1238 albenneio,
934 1139 1135 1244 symbolam
1155 1141 1302 1242 soleriae

188 1259 341 1361 liquidae
364 1244 632 1352 exhibentium,
657 1257 837 1334 naturales
864 1261 994 1332 sistunt
1018 1261 1110 1334 vitae
1133 1259 1301 1361 plasticae

189 1381 352 1454 vanuum
377 1379 599 1458 modificatae
615 1379 766 1454 ellectus
779 1392 816 1452 et
837 1379 1097 1480 productiones.
1113 1421 1164 1437 --
1177 1377 1303 1479 Neque

185 1495 270 1570 solis
294 1501 458 1572 nunnus
482 1503 667 1593 orgarneae
702 1495 1044 1598 metamorphosibus
1081 1498 1301 1570 circumscri-

184 1613 284 1712 bitpr
300 1617 384 1688 antri
401 1629 603 1716 temporum
618 1629 773 1716 potestas
790 1614 973 1710 morbida,
997 1614 1179 1688 sedetiam
1195 1640 1303 1714 super

185 1737 427 1807 incitationem
450 1733 606 1828 vitalem,
631 1748 667 1806 et
691 1732 836 1834 quidem
859 1735 1020 1835 inprimis
1045 1759 1150 1834 super
1178 1733 1301 1832 illam,

186 1877 279 1950 qnae
304 1851 478 1926 irrserioris
503 1849 636 1926 ordinis
661 1852 782 1924 munia
808 1853 919 1950 regit,
943 1851 1148 1944 (efficientia
1172 1850 1302 1926 biotica

186 1969 358 2068 sphaerae
383 1968 621 2069 gangliorum)
638 1969 963 2060 manifestissimum
975 1971 1085 2046 exerit
1107 1968 1303 2068 inlluxum3

189 2084 285 2157 unde
302 2083 478 2158 sebrilium
496 2083 679 2160 turbarum
697 2087 814 2185 origo,
836 2111 1028 2186 earumque
1040 2087 1160 2162 varius
1175 2100 1303 2188 typus,

186 2204 355 2304 variaque
390 2201 598 2282 decurrendi
635 2204 738 2282 ratio.
774 2202 927 2282 Solstitia
965 2204 1080 2284 febres
1116 2207 1301 2282 continuas

186 2323 385 2420 sustinent3
409 2321 630 2422 aequinoctia
647 2323 918 2403 intermittentes
934 2323 1099 2424 pariunt,
1124 2349 1165 2396 ea
1182 2335 1302 2398 tamen

184 2465 271 2512 cum
296 2439 519 2537 dilllrrcntie,
542 2439 640 2540 quod
664 2441 881 2540 progressiva
906 2441 998 2514 reris
1022 2438 1177 2516 evolutio
1201 2463 1303 2540 paro-
1375 2503 1378 2512 .

71 2575 78 2590 '
181 2583 393 2658 xysmorum
409 2557 718 2658 reproductionem
733 2556 898 2632 sollicitet
909 2563 920 2650 (
931 2571 1039 2659 typus
1055 2557 1302 2658 quotidianus,

182 2691 224 2749 et
248 2676 538 2772 hemitritaeus),
562 2673 776 2750 autumnalis
801 2690 925 2750 contra
949 2678 1118 2775 regressio
1147 2675 1303 2750 retardet

182 2803 316 2894 (typus
333 2799 556 2894 quantenus).
580 2833 632 2850 -
647 2793 713 2868 Ast
727 2793 833 2868 nimis
858 2793 961 2892 longe
987 2799 1059 2895 jam
1075 2791 1300 2866 discessimus

170 2937 206 3011 ¹a
232 2925 354 2984 nostro
388 2911 597 3010 proposito,
631 2907 798 3008 singulari
833 2907 1040 2982 morborum
1074 2905 1300 3009 popularium

184 3027 406 3117 reconditam
431 3027 575 3126 genesin
599 3039 636 3099 et
660 3039 823 3108 naturam
853 3025 1096 3127 perscrutandi
1133 3023 1303 3125 cupidae

184 3146 349 3247 abrepti3
373 3173 482 3247 quare
506 3147 701 3247 praefixum
725 3171 849 3220 rursus
869 3143 1136 3246 progrediamur
1159 3143 1237 3218 iter.

236 3264 351 3338 Aliam
375 3263 513 3338 cladem
535 3263 575 3336 in
597 3261 763 3363 Papieusi
798 3287 885 3361 agro
916 3262 1117 3362 indigenam
1153 3259 1300 3364 praebet

183 3379 367 3483 hydrops,
400 3382 461 3482 qui
496 3380 692 3482 frequentia
726 3405 800 3456 non
824 3381 963 3476 minus,
996 3407 1105 3482 mam
1141 3380 1300 3482 periculo

185 3515 316 3596 terret3
340 3499 548 3574 testantibus
573 3500 668 3573 enim
694 3498 895 3574 Nosocomii
912 3498 1092 3600 diptychis
1109 3501 1298 3576 maximam

182 3619 373 3719 quotannis
401 3616 505 3692 edere
535 3617 626 3692 solet
659 3615 826 3690 funerum
862 3618 1011 3719 copiam.
1045 3614 1234 3694 Anaswm
1258 3633 1296 3692 et

181 3733 409 3835 hydrocoelrit
433 3735 587 3836 potiores
612 3747 697 3808 sunt
721 3731 875 3831 lonnae3
909 3735 1059 3809 rariores
1083 3759 1127 3808 ex
1150 3734 1300 3812 adverso

179 3849 433 3951 hydrodmmx
458 3863 495 3924 et
517 3847 861 3953 hydropericardion.
887 3849 969 3925 Non
986 3850 1115 3926 desunt
1131 3851 1297 3952 equidem

180 3987 218 4048 et
243 3971 301 4044 bic
327 3969 398 4044 loci
436 3969 599 4046 colluviei
635 3995 775 4044 serosac
816 3969 1010 4070 specimina
1047 3995 1068 4043 e
1105 3969 1299 4071 sporadicis

168 4087 298 4162 vcausis
322 4085 495 4181 oriunda,
522 4099 628 4186 atque
654 4085 741 4160 haec
765 4085 858 4162 iuter
882 4085 941 4164 vix
964 4111 1039 4162 nou
1055 4085 1299 4160 communiora

181 4203 266 4300 illa,
281 4229 371 4306 quae
388 4199 707 4276 inflammationem
724 4201 875 4278 infauste
886 4201 1123 4304 judicatarum
1139 4199 1299 4302 sequelas

182 4326 321 4398 sistunt
338 4324 458 4422 Longe
476 4335 596 4395 tamen
613 4319 804 4396 crebriores
821 4334 906 4400 sunt
919 4319 1123 4422 hydropes,
1146 4344 1300 4422 quorum

182 4444 283 4542 origo
308 4451 337 4516 e'
354 4443 604 4517 constitutione
630 4437 813 4518 endemica
829 4457 978 4540 ,manat,
1012 4455 1119 4543 atqm
1148 4441 1217 4518 hoc
1237 4441 1297 4519 in·

235 4555 426 4638 llrunsssn.
452 4560 550 4638 Arm.
577 4561 727 4640 Clinl.
1078 4589 1099 4666 7
