3228 5166
209 481 316 571 atque
340 467 489 570 gloriosa
514 468 664 571 cupido,
693 466 789 544 orbis
819 410 992 546 mnarum
1021 472 1257 574 cognitionem
1274 375 1320 547 iii

210 589 463 662 commercium
488 586 703 689 populorum
726 585 962 692 amplificandi
976 645 986 686 ,
1001 591 1049 664 ad
1070 593 1319 666 remotissimas

209 731 322 808 mque
345 703 603 780 extendebatur
627 705 771 806 Imperii
796 705 1082 782 Mohammedani
1110 713 1319 810 provincias.

199 827 377 927 ,Inprimis
400 825 597 900 beneficam
613 825 747 898 hancce
767 823 951 898 literarum
975 829 1234 926 promotionem
1257 853 1318 902 er·

64 992 69 1004 ,
210 955 312 1046 perta
336 931 392 1016 est
421 941 611 1044 Hispania,
633 943 740 1017 Anno
765 969 836 1045 712
869 968 890 1016 a
921 943 1102 1016 Saracenis
1130 960 1321 1046 occupata,

212 1084 305 1158 quae
329 1086 350 1134 a
373 1059 514 1136 saeculo
537 1061 635 1134 VIII.
659 1085 772 1163 usque
796 1060 843 1136 ad
867 1061 914 1134 X.
939 1058 1203 1138 floridissimum
1226 1064 1322 1143 exhi·

212 1175 292 1252 buit
306 1191 446 1252 statum.
462 1177 655 1256 Academia
671 1179 914 1282 Hespeletasrs,
935 1179 1110 1256 Toletano
1122 1233 1137 1272 ,
1158 1207 1199 1254 ac
1219 1203 1321 1282 prae·

213 1298 316 1398 cipue
341 1295 577 1374 Cotdttbensis
585 1353 601 1390 ,
629 1300 734 1374 Anno
764 1301 839 1400 980
877 1300 1045 1400 condita,
1079 1327 1144 1402 per
1180 1299 1322 1402 longam

211 1440 386 1490 aunomm
421 1419 548 1492 seriem
578 1417 755 1516 celebres,
788 1416 931 1520 reliquis
963 1419 1175 1494 succedente
1206 1430 1321 1492 aetate

208 1559 274 1634 per
295 1535 478 1636 Europam
501 1536 655 1612 subortis
680 1537 882 1638 Gymnasiis
913 1563 1076 1612 normam
1104 1536 1242 1612 dedisse
1270 1537 1322 1612 vi-

208 1651 347 1726 dentur.
377 1653 550 1728 Novimus
587 1653 753 1754 equidem
784 1653 971 1732 Cordubae
1005 1656 1158 1754 insignes
1193 1655 1321 1740 vixisse

208 1767 479 1868 Hippocraticae
502 1783 540 1843 et
570 1769 759 1845 Galenicae
793 1771 989 1846 medicinae
1019 1785 1321 1874 propugnatores,

208 1913 299 1986 quos
323 1889 415 1974 inter
430 1889 506 1961 Eru
522 1889 641 1984 Zoun,
657 1889 733 1963 sive
748 1889 937 1968 Arusacen
959 1891 1027 1982 (Α.
1050 1913 1142 1990 repo
1159 1889 1206 1988 ᾧ
1223 1895 1235 1981 )
1248 1943 1260 1986 ,
1283 1903 1321 1961 et

208 2005 286 2078 Eun
302 2005 676 2104 succenseamus
693 2007 824 2106 passim
839 2007 1041 2088 nominatus
1052 2013 1064 2099 (
1074 2007 1115 2084 Α.
1131 2005 1225 2079 1206
1236 2005 1284 2103 ff}
1299 2012 1321 2100 ),

208 2125 325 2198 notari
360 2137 564 2222 merentur,
596 2166 647 2183 -
681 2123 795 2224 qualis
825 2137 945 2198 autem
976 2123 1083 2200 luerit
1106 2123 1320 2202 medicinam

206 2243 399 2342 practicam
430 2243 581 2321 docendi
617 2243 835 2341 methodus,
866 2245 1008 2346 penitus
1041 2246 1230 2344 ignoratur.
1268 2286 1319 2306 -

208 2361 355 2436 Saeculo
379 2363 445 2435 xl.
470 2377 507 2436 et
530 2363 632 2436 XIII.
664 2361 771 2436 etiam
808 2361 846 2434 in
879 2362 983 2442 Asiae
1018 2361 1165 2438 urbibus
1190 2361 1320 2457 Kurt,

205 2479 355 2577 Bassus,
371 2489 408 2554 et
422 2481 591 2556 Dtussco
616 2481 772 2556 medicas
788 2479 947 2560 floruisse
972 2479 1128 2579 soboles,
1144 2505 1187 2554 ex
1207 2481 1319 2554 Asuu-

165 2623 175 2638 ‘
204 2621 314 2670 asota
338 2597 567 2673 relationibus
592 2599 778 2700 colligitur.

194 2786 199 2794 .
253 2715 565 2808 Quemadmodum
599 2717 798 2795 sacerdotes
829 2717 945 2792 omnis
980 2733 1072 2817 pene
1106 2716 1204 2813 aeti,
1240 2739 1317 2792 om-

202 2832 374 2933 niumque
397 2847 574 2910 sectarum
597 2833 838 2934 religiosarum
860 2835 1054 2908 maximum
1078 2859 1185 2934 super
1208 2830 1319 2908 medi-

195 2953 319 3024 cinam
345 2951 548 3028 habuerunt
571 2949 811 3047 dominatum,
834 2953 884 3024 ita
914 2952 1022 3023 etiam
1054 2949 1317 3023 itrsOccideute

200 3067 407 3144 Christiano
432 3070 526 3144 circa
551 3070 739 3150 Saeculum
762 3069 826 3145 vt.
850 3093 908 3146 ars
943 3067 1081 3142 medica
1112 3067 1185 3142 iere
1213 3067 1316 3140 unice

202 3209 224 3256 a
250 3183 434 3260 Monachis
459 3187 611 3262 exerceri
636 3187 840 3280 consuevit,
863 3187 926 3287 qui
951 3186 1090 3287 pietatis
1115 3199 1152 3260 et
1180 3183 1317 3284 philan-

196 3301 364 3404 -thmpiae
388 3301 492 3378 titulo
516 3301 668 3379 arduum
684 3303 793 3380 hocce
813 3301 978 3378 lubenter
1002 3315 1235 3404 susceperunt
1259 3301 1314 3378 ol·

200 3421 331 3496 ficium
348 3423 465 3498 Immo
481 3449 547 3496 nec
565 3423 694 3498 desunt
705 3425 965 3526 Episcopomm
984 3421 1175 3498 illustrium
1197 3449 1315 3498 exem-

198 3539 282 3639 pla,
306 3539 434 3642 quibus
459 3565 533 3616 non
570 3542 687 3616 minor
720 3540 788 3616 luit
823 3543 861 3614 in
903 3565 1088 3641 aegrorum
1127 3541 1310 3615 cumtione

198 3657 392 3754 industria,
416 3671 522 3760 atque
547 3659 682 3762 peritia.
699 3659 747 3738 At
762 3660 895 3734 corruit
911 3660 987 3760 pari
1014 3673 1173 3762 tempore
1198 3661 1312 3731 scieu-

193 3779 292 3852 -tiliea
325 3778 521 3854 medicinae
558 3779 724 3876 culture,
752 3779 1072 3882 superstitionum,
1105 3780 1313 3883 opinionum

196 3896 517 3998 pmejudicatamm
540 3909 578 3972 et
600 3897 842 3998 prodigiorum
864 3894 1012 3996 caligine
1033 3893 1233 3993 obfuscata,
1254 3895 1313 3970 cui

197 4011 421 4115 dissipandae
458 4035 574 4118 neque
608 4011 764 4088 mascula
798 4013 933 4088 Csuott
969 4013 1091 4086 utcu
1126 4011 1312 4088 conamina

195 4133 294 4232 paria
319 4131 427 4206 fuere.
451 4132 504 4205 Ut
529 4133 697 4232 temporis
721 4131 776 4206 sui
793 4132 1010 4232 ignorantiae
1032 4142 1254 4204 succurreret
1275 4141 1313 4201 et

194 4249 454 4323 monachorum
469 4248 641 4322 desidiam
669 4247 828 4347 tolleret,
856 4248 1133 4351 sapientissimus
1159 4243 1219 4320 ille
1237 4247 1310 4320 Im-

192 4379 338 4464 perator
351 4365 490 4440 scbolas
507 4366 759 4448 coenobiorum
774 4369 945 4461 urstituit,
959 4365 1169 4442 Academiae
1185 4365 1311 4466 Aquis·

194 4484 374 4586 gemmis
383 4539 396 4587 ,
419 4484 633 4587 Parisiacae,
649 4499 685 4560 et
702 4483 898 4564 Ticiuemis
916 4482 1146 4566 fundamenta
1166 4485 1310 4586 posuit,
