3228 5166
281 407 331 481 86

279 518 455 600 micoruu'r
490 545 612 598 casum
643 519 760 596 subire
794 517 943 618 debere,
977 527 1191 622 quapropter
1219 515 1390 620 quidquid

280 645 325 718 de
342 647 416 718 istis
438 645 637 746 profertur,
661 657 723 714 aut
739 641 947 715 discussioni
966 641 1204 736 submittitur,
1228 637 1388 739 inprimis

279 765 325 840 ad
341 779 481 866 gentem
498 763 728 839 annonariam
748 760 918 856 refertur,
942 787 1032 861 quae
1049 759 1390 852 numerosissimam,

278 900 315 958 et
339 884 582 980 utilissimam,
607 896 661 956 ast
677 879 768 983 proh
794 879 915 955 dolor!
932 880 1165 954 miserrimam
1190 878 1389 955 concivium

279 1001 385 1076 ellicit
410 1002 566 1076 classem.
878 984 884 998 ¹

328 1119 425 1192 Inter
449 1117 592 1191 morbos
616 1114 693 1188 solo
719 1115 898 1189 Tioinensi
924 1113 1112 1190 familiares
1137 1115 1195 1190 vix
1208 1139 1281 1189 non
1297 1111 1391 1216 priu-

278 1237 435 1335 cipatum
461 1248 582 1308 tenent
593 1230 718 1334 febres
742 1237 1005 1306 intemrittentes
1017 1287 1032 1324 ,
1067 1258 1154 1334 quas
1190 1240 1295 1306 om'ne
1320 1232 1392 1306 sere

279 1353 371 1452 parit
395 1351 480 1424 anui
504 1365 665 1450 tempus,
694 1350 902 1449 praesertim
927 1363 1047 1422 autem
1072 1375 1157 1444 ver,
1188 1363 1294 1449 atque
1327 1373 1391 1420 au-

279 1485 447 1566 tumnus,
473 1483 660 1569 tempestas
684 1470 840 1541 austrina
859 1483 895 1541 et
910 1468 1080 1568 pluviosa.
1097 1469 1151 1541 Ea
1179 1463 1276 1566 loca,
1301 1493 1392 1569 quae

278 1589 415 1688 irriguis
439 1589 578 1690 pascuis
603 1600 639 1660 et
664 1587 831 1688 oryaariis
856 1571 1058 1684 abundant,
1083 1585 1392 1660 intermittentium

279 1709 400 1806 copia,
424 1709 642 1805 istarumque
665 1705 792 1807 majori
817 1706 1039 1780 contumacia
1058 1719 1095 1778 et
1110 1703 1266 1804 nequitia
1283 1702 1393 1778 excel-

279 1825 367 1900 lunt.
392 1826 541 1922 Nullus,
566 1825 661 1899 larrte
686 1831 758 1927 jam
782 1827 968 1920 Lsucvsro,
1000 1839 1054 1897 est
1079 1823 1232 1896 febrium
1264 1821 1393 1896 harum

279 1965 405 2042 parens
422 1945 532 2042 magis
545 1941 744 2043 prolificus,
760 1967 867 2044 quam
879 1953 939 2015 abr
950 1940 1079 2016 uvidus
1103 1955 1139 2013 et
1151 1939 1326 2040 palustris.
1338 1979 1389 1996 ··-

279 2057 410 2132 Febres
425 2060 697 2133 intermissuros
714 2058 846 2160 duplici
863 2059 1049 2160 potiuntur
1068 2063 1166 2160 jure,
1181 2056 1244 2133 illo
1260 2057 1393 2158 quippe

278 2177 394 2252 morbi
411 2176 597 2278 epidemioi
614 2179 743 2274 annui,
768 2178 841 2251 sive
863 2176 1042 2276 chronici,
1065 2177 1214 2277 parique
1231 2190 1392 2277 tempore

279 2291 479 2398 epichorei,
503 2297 577 2370 sive
594 2297 712 2396 topici.
728 2294 956 2398 Amphibiam
972 2295 1087 2391 hauc,
1111 2296 1253 2395 originis
1268 2319 1387 2396 respe-

279 2430 341 2489 ctu
375 2413 518 2508 habito,
541 2428 706 2487 naturam
730 2413 975 2488 demonstrant
1011 2433 1153 2514 quoque
1182 2409 1392 2486 decurrendi

279 2532 408 2630 modo,
432 2545 515 2605 suut
540 2533 635 2604 enim
659 2531 776 2604 morbi
801 2533 915 2627 acuti,
950 2544 986 2604 et
1009 2530 1204 2633 rhytmici,
1238 2529 1393 2630 singulas

279 2655 310 2727 si
322 2669 458 2754 spectes
470 2653 668 2727 invasiones
682 2649 821 2726 fabriles
838 2651 1119 2745 (effervescentia
1130 2651 1355 2753 paroxystica
1367 2659 1395 2751 ),

279 2795 430 2870 quarum
455 2767 647 2872 syndrome
671 2792 756 2843 vero
780 2769 818 2841 in
844 2767 1018 2842 diutinam
1034 2781 1071 2842 et
1085 2769 1261 2842 infinitam
1276 2781 1395 2842 erten-

279 2886 376 2960 ditur
400 2902 561 2982 catenam
577 2885 764 2980 (diathesis
780 2886 1001 2987 paroxystica
1014 2888 1035 2979 l.
1048 2885 1227 2960 Perennat
1242 2883 1392 2986 proinde

181 3023 186 3032 “
278 3007 355 3078 sine
379 3007 530 3082 termino
555 3004 692 3079 occulta
727 3004 894 3078 diathesis
930 3005 1173 3105 paroxystica,
1209 3030 1274 3105 per
1297 3003 1393 3078 vices

280 3124 517 3199 effervescens.
543 3125 807 3220 Recordamiui,
830 3149 969 3224 precor,
993 3123 1148 3197 thesium
1173 3149 1279 3224 supra
1305 3121 1393 3196 alla·

280 3257 417 3340 tarum,
446 3271 557 3344 quae,
592 3243 638 3317 ad
667 3269 788 3316 casum
813 3243 964 3316 sobrium
995 3243 1254 3342 periodicarum
1280 3239 1393 3342 adpli-

281 3373 400 3454 catae,
424 3384 466 3432 eo
491 3361 598 3431 etiam
622 3359 752 3432 intuitu
778 3348 1053 3455 continuantur,
1077 3354 1175 3459 quod
1199 3359 1314 3432 omnis
1330 3383 1397 3458 pa-

279 3479 466 3574 rovysmus
479 3475 656 3549 adfectum
671 3476 799 3548 virium
815 3475 1073 3572 transitorium,
1090 3473 1257 3549 diathesis
1270 3487 1395 3548 contra

281 3590 412 3666 ubritis
437 3591 554 3664 labem
579 3607 846 3693 permanentem
863 3593 901 3666 iu
918 3607 1109 3694 systemate
1125 3593 1396 3694 reproductivo,

280 3721 318 3780 et
340 3709 524 3810 speciatim
548 3710 586 3782 in
611 3714 686 3811 ejus
711 3710 859 3811 sphaera
884 3711 1049 3785 sensitiva
1080 3709 1297 3786 clandestine
1330 3709 1395 3786 de·

280 3827 500 3902 litescentem
524 3829 624 3904 sistit.
1166 3897 1168 3906 a

331 3947 483 4020 Maxime
507 3947 678 4046 benignae
703 3963 740 4020 et
764 3947 822 4020 hic
847 3945 917 4021 loci
942 3962 1137 4022 comuntur
1172 3947 1297 4024 febres·
1314 3973 1396 4022 ver·

279 4063 397 4162 nales,
421 4089 512 4165 quac
536 4065 574 4136 in
599 4066 799 4165 primordiis
826 4079 953 4167 typum
982 4068 1249 4167 quotidianum,
1284 4067 1397 4141 serius
1489 4133 1494 4156 ,

279 4184 470 4256 teramum
486 4203 508 4280 ,'
532 4181 730 4282 simplicem
764 4198 827 4257 aut
864 4183 1085 4285 duplicatum
1120 4201 1268 4285 tenent,
1297 4209 1407 4260 nunc,

279 4327 439 4377 meracae
464 4317 500 4376 et
524 4303 699 4403 perlectae
724 4319 829 4400 sunt,
853 4330 950 4378 nuuc
975 4305 1252 4404 subcontinuae,
1276 4305 1397 4380 subiu-

280 4431 432 4516 trantes,
457 4419 709 4520 complicatae,
735 4421 940 4522 etquidem
964 4419 1175 4524 plerumque
1192 4423 1394 4498 charactere

279 4533 786 4638 inflammatoriocatarrhoso,
802 4537 859 4616 vel
875 4529 1178 4644 gastro-pituitoso
1195 4541 1393 4626 comitatae.¹
