3158 6116
1331 261 1398 356 243

278 360 401 462 labat,
435 371 496 443 cui
529 370 693 472 pulrcres
718 397 760 450 ex
796 373 891 480 Opio
926 387 963 450 et
995 373 1238 516 lpeoaouanha
1272 381 1399 482 optima

278 487 622 585 correspondemut,
934 537 939 546 ·

336 599 500 703 Typluts
523 612 751 708 contagiosus
766 607 850 684 hinc
867 609 950 690 iude
976 613 1071 686 visus
1095 613 1203 688 modo
1228 555 1316 692 sileo
1341 617 1400 691 do

276 714 361 793 loso
387 721 557 800 incedere
582 723 741 860 solebat,
778 741 820 802 ut
854 727 893 804 in
926 729 1070 808 exordio
1095 729 1196 804 lboile
1220 757 1287 832 pro
1312 733 1401 808 febre

275 838 435 933 gastrioa
463 841 616 941 graviori
641 843 825 946 imponere
850 846 1046 946 potuisset,
1069 847 1137 918 nisi
1154 845 1201 920 ad
1221 861 1401 948 stuporem

277 955 434 1054 capitis,
459 973 498 1035 et
521 985 717 1062 purpuram
741 960 808 1034 sub
825 975 907 1036 cute
923 962 1187 1048 delitescentem
1204 991 1304 1038 mens
1321 991 1402 1040 con·

275 1087 498 1154 verteretur.
524 1080 617 1162 Cum
641 1080 761 1182 itaque
800 1079 945 1155 morbus
974 1081 1019 1154 de
1044 1080 1250 1156 dominante
1275 1085 1402 1158 oonstiq

143 1261 145 1266 ,
273 1191 422 1268 tutione
460 1199 607 1298 gastrias
644 1197 926 1300 participaverit,
961 1200 1037 1300 ipsa
1072 1199 1229 1300 therapio
1266 1202 1403 1276 modifi-

274 1309 396 1384 canda
433 1329 524 1390 erat
560 1315 691 1388 Curam
726 1316 839 1391 exorsi
868 1341 991 1394 sumus
1026 1315 1071 1388 ab
1095 1319 1266 1414 emetico,
1303 1318 1403 1404 vela

276 1432 545 1528 purgantibus,
568 1431 644 1504 sine
668 1457 768 1506 mora
792 1431 839 1510 ud
863 1433 1029 1506 retractas
1054 1433 1156 1512 doses
1182 1433 1320 1506 Tartari
1343 1438 1404 1508 sti-

275 1544 396 1648 biati,
421 1567 460 1628 et
478 1553 665 1630 resioantia
682 1551 907 1628 transeundo.
924 1551 1047 1654 Neque
1064 1554 1101 1626 iu
1118 1546 1275 1626 seeundo
1292 1554 1404 1627 stadio

278 1667 366 1741 talis
393 1674 486 1747 ursit
510 1673 639 1748 virium
664 1669 832 1772 languor,
867 1685 907 1745 ut
935 1670 1193 1754 stimulantium
1219 1670 1405 1744 fortiorum

279 1789 487 1885 postularet
510 1817 624 1863 usum.
662 1789 756 1871 Aura
783 1790 1004 1891 Camphorae
1032 1803 1069 1862 et
1093 1789 1250 1862 inlusum
1277 1787 1405 1862 llorum

280 1901 443 1984 Aruicaa
478 1905 607 1982 auxilio
645 1905 796 1986 luerunt
831 1905 977 1988 Frustra
1001 1905 1231 1988 medebamur
1257 1905 1406 1978 laminae

281 2023 455 2126 adultae,
479 2027 536 2100 cui
560 2039 642 2127 post
669 2025 785 2099 levem
816 2023 1262 2127 pleuto-pneumonitidem
1293 2039 1406 2098 cattan-¹

278 2140 436 2218 rhesum
460 2145 594 2248 typhus
619 2145 842 2242 gravissimus
867 2143 1094 2244 supervenit,
1119 2149 1190 2246 jam
1207 2143 1329 2244 quinta
1349 2143 1406 2216 die

278 2263 462 2338 mortius.
498 2263 541 2336 In
576 2260 747 2336 cadavere
784 2259 970 2360 diligenter
1008 2262 1137 2339 umato
1171 2259 1221 2332 nil
1246 2263 1407 2334 invenire

279 2381 502 2478 potuimus,
524 2377 623 2482 quod
647 2377 733 2452 lethi
759 2404 901 2452 causam
926 2377 1118 2476 revelaret,
1142 2403 1251 2480 quare
1277 2379 1407 2452 vin‘um

281 2496 541 2574 siderationem
565 2523 586 2570 a
612 2494 772 2578 malofico
796 2498 980 2576 misenate
1004 2496 1187 2580 inductam
1206 2521 1407 2598 supponere

284 2611 342 2687 fas
370 2629 456 2689 crat

337 2733 480 2805 Paucae
504 2733 655 2830 unguas
666 2783 681 2819 ,
706 2743 743 2803 et
762 2729 966 2831 pleuriu'des
982 2727 1137 2827 obviae,
1173 2731 1291 2830 potius
1323 2757 1406 2833 spo«

286 2848 432 2924 radicas
457 2844 761 2944 dicerrdae„adeo
786 2846 981 2924 levidenses
1007 2845 1126 2943 strare,
1150 2861 1191 2920 ut
1213 2847 1408 2926 mitissimis

286 2965 474 3064 praesidiis
498 2963 787 3067 antiphlogisticis
812 2963 1058 3039 auscultarent
1083 2963 1347 3066 Participabant
1371 2980 1408 3042 et

287 3085 374 3162 illae
399 3087 443 3162 de
468 3087 608 3190 ingenio
632 3085 837 3163 universalis
862 3087 1004 3187 eboragi
1030 3085 1256 3184 morborum,
1280 3086 1326 3160 de
1350 3088 1405 3160 ins

289 3204 376 3281 dole
400 3220 524 3307 utpote
548 3205 718 3308 gastrias,
744 3203 891 3290 indubia
922 3203 1089 3288 oolluriei
1119 3229 1283 3290 mucosae
1308 3205 1407 3306 signa

289 3322 512 3426 praebentes,

691 3583 797 3635 HORM
824 3581 1011 3640 SPOMDIQI-

342 3797 386 3872 In
421 3793 538 3897 puella
575 3796 759 3897 septenni,
796 3794 953 3898 orphana
971 3855 973 3866 .
989 3809 1026 3869 et
1059 3793 1289 3895 vagabunda,
1317 3823 1409 3897 quae

290 3915 528 3992 mendicando
553 3915 689 3990 victum
713 3913 951 4018 quaeritabat,
975 3913 1126 3988 seriolae
1151 3937 1247 3987 seruc
1264 3913 1411 3990 obvenit

293 4061 415 4132 casus,
440 4039 540 4138 eujus
576 4035 693 4134 origo,
729 4059 812 4110 cum
843 4034 967 4107 unicus
994 4031 1136 4127 luisset,
1160 4029 1319 4130 indagari
1343 4057 1408 4104 ne·

293 4153 416 4254 quivit.
441 4154 619 4230 lusitionis
645 4151 933 4256 prophylacticae
957 4175 1179 4254 praegressae
1201 4149 1341 4224 nullum
1358 4151 1410 4224 iu·

293 4272 456 4344 venimus
482 4271 677 4371 vestigium.
702 4271 878 4345 Decursus
904 4270 972 4343 luit
996 4266 1144 4368 simplex
1170 4281 1206 4342 et
1223 4265 1410 4366 regularis,

293 4389 454 4490 quauuis
480 4415 552 4463 uon
577 4387 796 4486 levissiruus,
821 4387 867 4464 ob
893 4383 1111 4462 confluentes
1130 4385 1235 4460 suariis
1253 4385 1289 4458 in
1307 4381 1409 4500 lpcis,
