3264 5194
303 276 371 349 ¹¹68

343 393 560 493 Empiricam
577 389 790 468 medicinam
801 390 848 464 sn
865 387 1004 466 casibus
1020 387 1136 466 dubiis
1152 401 1189 464 et
1204 386 1417 482 obstinatis,

294 509 358 582 ubi
382 509 559 583 rationalis
585 509 749 582 medendi
774 509 964 584 methodus
988 510 1080 584 rotis
1104 533 1179 582 non
1202 509 1416 610 respondet,

293 629 499 729 neutiquam
523 627 718 728 deqrioatui
743 626 944 700 habendam
967 651 1064 724 esse,
1080 625 1274 701 dummodo
1298 651 1411 698 sanae

291 748 515 850 pathologise
540 761 576 822 et
600 747 877 850 jatreusiologiae
893 747 1073 847 principiis
1090 771 1164 820 nou
1180 744 1412 839 adversetur,

292 867 535 968 unusquisque
567 865 747 940 concedet
783 861 1076 962 Metrorrlmgrhru
1110 887 1196 936 vero
1229 887 1339 936 uuam
1363 887 1412 934 ex

292 983 361 1058 illis
387 983 598 1056 feminarum
621 981 790 1056 molestiis
814 984 962 1078 sistere,
986 1006 1077 1083 quas
1111 978 1290 1054 difficilem
1323 1005 1409 1079 per-

292 1125 396 1200 saepe
420 1097 595 1172 medelam
620 1098 835 1196 admittunt,
859 1125 967 1174 nemo
998 1098 1236 1199 practicorum
1270 1099 1409 1172 inficias

290 1217 384 1312 lbit3
406 1229 623 1318 quapropter
646 1241 781 1290 novum
805 1241 1013 1316 cognoscere
1038 1215 1281 1309 medicamen,
1304 1216 1409 1315 quod

291 1343 364 1439 jam
388 1331 556 1408 smaltis
580 1337 683 1408 amris
706 1360 847 1408 summo
871 1360 955 1407 cum
978 1331 1218 1408 emolumento
1235 1331 1409 1406 adhibere

293 1453 461 1551 solemus,
488 1467 583 1526 certe
597 1477 674 1526 non
690 1449 889 1553 displicebit
904 1449 1099 1524 medicinae
1121 1449 1325 1523 cultoribus.
1347 1451 1410 1523 Se·
1531 1457 1533 1462 '

292 1598 403 1676 quens
429 1597 530 1644 casus
555 1571 700 1646 remedii
725 1571 917 1644 efficaciam
940 1569 1058 1671 palam
1083 1569 1332 1644 corroborarit
1353 1611 1407 1626 ·-

292 1689 439 1763 Femina
464 1688 668 1788 hysterica‚
700 1713 741 1760 αι
780 1707 977 1784 annorum,
1005 1684 1138 1761 morbis
1166 1683 1405 1758 inflammato-

291 1810 354 1881 riis
389 1804 528 1907 saepius
568 1805 743 1900 obnoxia,
776 1803 1044 1904 immodicisque
1078 1800 1406 1878 venaesectionibus

291 1923 364 1996 sere
387 1923 590 2018 exinanita,
614 1922 672 1996 die
702 1923 756 1996 18.
778 1921 937 1994 lanuarii
961 1919 1148 2016 abortivit,
1172 1919 1317 1994 violenti
1333 1932 1405 1990 ter-

134 2059 138 2072 ·
290 2041 379 2118 roris
403 2042 539 2140 gratia,
563 2041 791 2142 subsequenti
815 2037 961 2114 effraeni
984 2039 1259 2138 haemorrhagia.
1285 2039 1402 2110 Massa

290 2163 392 2234 enixa
416 2158 599 2261 placentae
635 2172 671 2232 ct
704 2161 764 2235 ovi
799 2158 946 2233 indubia
983 2157 1142 2232 exhibuit
1175 2156 1406 2253 rudimenta,

290 2279 444 2378 penitius
468 2303 555 2353 vero
578 2275 784 2376 indagatum
807 2275 956 2352 orulum
980 2277 1079 2351 omni
1113 2275 1256 2370 carebat
1288 2275 1404 2348 foetus

290 2396 465 2495 vestigio,
501 2393 555 2468 nil
589 2409 729 2496 praeter
764 2395 938 2496 liquorem
975 2395 1405 2472 albuminosocrueutum

290 2511 519 2610 consuebat,
541 2526 648 2614 atque
673 2511 922 2614 probabiliter,
952 2514 1020 2586 nisi
1051 2512 1195 2588 abortus
1224 2514 1402 2588 intercur-

291 2635 416 2731 risset,
438 2633 497 2709 vel
512 2635 551 2708 in
574 2632 728 2730 molam,
743 2631 801 2708 vel
814 2634 852 2705 in
864 2632 1133 2736 hydrometram
1148 2633 1400 2732 degenerasset

290 2753 396 2826 Levis
420 2751 467 2826 ad
490 2735 759 2854 h'ypogustrium
782 2750 906 2848 dolor,
928 2766 1034 2853 atqrm
1059 2765 1176 2826 motus
1201 2749 1403 2824 febriculosi

290 2873 461 2969 comites,
483 2872 690 2948 irritationis
724 2874 882 2948 uterinae
916 2873 1153 2974 suspicionem
1186 2886 1403 2968 moverunt3

291 3013 400 3088 quare
424 3015 547 3063 curam
563 3015 584 3062 a
600 2989 726 3073 leniter
742 2991 1051 3092 antiphlogisticis,
1065 2989 1220 3092 potubus
1236 2989 1404 3086 acidulis,

290 3119 328 3178 et
352 3105 516 3181 fomentis
551 3101 683 3207 frigidis
719 3107 828 3182 ordiri
857 3107 1085 3182 decrevimus.
1122 3108 1279 3182 Evanuit
1301 3105 1404 3182 brevi

290 3237 365 3296 tam
389 3221 597 3324 phlogoseos
622 3226 851 3326 pedisequae,
871 3251 979 3326 quam
1004 3226 1093 3327 jugis
1117 3224 1402 3325 haemorrhagiae

285 3353 429 3439 metus,
452 3357 490 3416 at
512 3341 643 3416 rebelle
673 3346 825 3446 perstitit
858 3344 1074 3422 stillicidium
1108 3357 1321 3438 amentum,
1355 3342 1401 3416 de

290 3465 393 3561 cujus
426 3459 673 3560 suppressione
711 3461 902 3559 cogitantes
937 3461 984 3536 ad
1019 3485 1170 3563 sequens
1206 3460 1398 3560 refugimus

290 3576 534 3680 phammcon,
558 3577 656 3677 quod
679 3578 718 3650 iu
741 3577 989 3653 metrorrhaeis
1013 3581 1190 3681 passivis,
1212 3579 1286 3652 sive
1318 3603 1399 3650 cru-

156 3772 158 3776 ,
290 3693 408 3789 entis,
436 3693 511 3767 sive
540 3693 693 3768 mucosis
718 3691 828 3768 ferme
852 3719 1036 3796 nunquam
1059 3697 1238 3774 incassum
1261 3693 1411 3800 pericli·

203 3857 206 3865 ‹
290 3810 355 3882 tati
381 3835 513 3883 summ.

338 3925 382 4001 R.
399 3911 497 4000 vllarl.
522 3923 615 4001 ntes
637 3927 738 4002 electi
759 3925 962 4004 &sobnam
986 3935 1089 4005 semis

438 4044 644 4144 Magnesiae
667 4045 876 4125 carbonatae

438 4161 527 4238 Boli
548 4189 711 4238 amassiae

438 4261 563 4360 Saccls.
587 4281 661 4358 albi
682 4309 755 4370 aaa
778 4281 981 4360 mamam
1005 4309 1116 4368 unam

279 4399 338 4478 ,ll
362 4396 443 4474 Fiat
466 4399 592 4504 pulvis.
616 4401 733 4479 Dirid
759 4403 796 4480 in
820 4402 919 4480 doses
951 4401 1112 4508 aequales
1137 4427 1286 4494 numero
1310 4399 1399 4502 1v.‚
