<?xml version="1.0" encoding="UTF-8"?>
<!DOCTYPE html PUBLIC "-//W3C//DTD XHTML 1.0 Transitional//EN"
    "http://www.w3.org/TR/xhtml1/DTD/xhtml1-transitional.dtd">
<html xmlns="http://www.w3.org/1999/xhtml" xml:lang="en" lang="en">
 <head>
  <title>
</title>
<meta http-equiv="Content-Type" content="text/html;charset=utf-8" />
  <meta name='ocr-system' content='tesseract 3.04.00' />
  <meta name='ocr-capabilities' content='ocr_page ocr_carea ocr_par ocr_line ocrx_word'/>
</head>
<body>
  <div class='ocr_page' id='page_1' title='image "./annalesscholaec00hildgoog_0172.png"; bbox 0 0 3264 5194; ppageno 0'>
   <div class='ocr_carea' id='block_1_1' title="bbox 309 301 1429 2663">
    <p class='ocr_par' dir='ltr' id='par_1_1' title="bbox 323 301 392 392">
     <span class='ocr_line' id='line_1_1' title="bbox 323 301 392 392; baseline -0.014 -18"><span class='ocrx_word' id='word_1_1' title='bbox 323 301 392 392; x_wconf 68' lang='grc'><strong>148</strong></span> 
     </span>
    </p>

    <p class='ocr_par' dir='ltr' id='par_1_2' title="bbox 309 411 1429 2663">
     <span class='ocr_line' id='line_1_2' title="bbox 315 411 1429 518; baseline 0.004 -30"><span class='ocrx_word' id='word_1_2' title='bbox 315 415 545 514; x_wconf 70' lang='grc' dir='ltr'><strong>0101ὴί10101,</strong></span> <span class='ocrx_word' id='word_1_3' title='bbox 571 411 684 492; x_wconf 88' lang='lat' dir='ltr'><strong>turbis</strong></span> <span class='ocrx_word' id='word_1_4' title='bbox 708 413 893 518; x_wconf 83' lang='lat' dir='ltr'><strong>hysterieis</strong></span> <span class='ocrx_word' id='word_1_5' title='bbox 918 415 1074 492; x_wconf 88' lang='lat' dir='ltr'><strong>mulieris</strong></span> <span class='ocrx_word' id='word_1_6' title='bbox 1111 431 1251 492; x_wconf 89' lang='lat' dir='ltr'><strong>nostrae</strong></span> <span class='ocrx_word' id='word_1_7' title='bbox 1286 415 1429 517; x_wconf 89' lang='lat' dir='ltr'><strong>bquido</strong></span> 
     </span>
     <span class='ocr_line' id='line_1_3' title="bbox 314 535 1426 638; baseline 0 -28"><span class='ocrx_word' id='word_1_8' title='bbox 314 537 460 610; x_wconf 81' lang='lat' dir='ltr'><strong>evictus.</strong></span> <span class='ocrx_word' id='word_1_9' title='bbox 475 575 527 594; x_wconf 85' lang='lat'>-</span> <span class='ocrx_word' id='word_1_10' title='bbox 546 535 792 636; x_wconf 84' lang='lat' dir='ltr'><strong>Rehigemtio‚</strong></span> <span class='ocrx_word' id='word_1_11' title='bbox 820 535 994 638; x_wconf 84' lang='lat' dir='ltr'><strong>ejusmodi</strong></span> <span class='ocrx_word' id='word_1_12' title='bbox 1020 535 1086 609; x_wconf 92' lang='lat' dir='ltr'><strong>sub</strong></span> <span class='ocrx_word' id='word_1_13' title='bbox 1107 563 1226 610; x_wconf 89' lang='lat' dir='ltr'><strong>rerum</strong></span> <span class='ocrx_word' id='word_1_14' title='bbox 1247 535 1426 610; x_wconf 84' lang='lat' dir='ltr'><strong>conditio·</strong></span> 
     </span>
     <span class='ocr_line' id='line_1_4' title="bbox 312 651 1427 756; baseline -0.002 -28"><span class='ocrx_word' id='word_1_15' title='bbox 312 677 359 728; x_wconf 91' lang='lat' dir='ltr'><strong>ne</strong></span> <span class='ocrx_word' id='word_1_16' title='bbox 382 655 523 728; x_wconf 80' lang='lat' dir='ltr'><strong>incaute</strong></span> <span class='ocrx_word' id='word_1_17' title='bbox 547 653 724 750; x_wconf 75' lang='grc'><strong>0110110011,</strong></span> <span class='ocrx_word' id='word_1_18' title='bbox 747 653 904 756; x_wconf 85' lang='lat' dir='ltr'><strong>primum</strong></span> <span class='ocrx_word' id='word_1_19' title='bbox 934 656 1053 756; x_wconf 88' lang='lat' dir='ltr'><strong>posuit</strong></span> <span class='ocrx_word' id='word_1_20' title='bbox 1075 651 1308 730; x_wconf 67' lang='lat' dir='ltr'><strong>mansuetae</strong></span> <span class='ocrx_word' id='word_1_21' title='bbox 1333 651 1427 727; x_wconf 80' lang='lat' dir='ltr'><strong>labis</strong></span> 
     </span>
     <span class='ocr_line' id='line_1_5' title="bbox 312 773 1425 877; baseline 0 -29"><span class='ocrx_word' id='word_1_22' title='bbox 312 799 482 872; x_wconf 82' lang='lat' dir='ltr'><strong>germen,</strong></span> <span class='ocrx_word' id='word_1_23' title='bbox 506 773 624 876; x_wconf 91' lang='lat' dir='ltr'><strong>quod,</strong></span> <span class='ocrx_word' id='word_1_24' title='bbox 648 774 921 875; x_wconf 81' lang='lat' dir='ltr'><strong>suffragantibus</strong></span> <span class='ocrx_word' id='word_1_25' title='bbox 936 777 1243 874; x_wconf 77' lang='lat' dir='ltr'><strong>eircumstantiis,</strong></span> <span class='ocrx_word' id='word_1_26' title='bbox 1272 775 1425 877; x_wconf 86' lang='lat' dir='ltr'><strong>prolim-</strong></span> 
     </span>
     <span class='ocr_line' id='line_1_6' title="bbox 311 891 1425 1006; baseline 0.004 -42"><span class='ocrx_word' id='word_1_27' title='bbox 311 891 375 964; x_wconf 89' lang='lat' dir='ltr'><strong>das</strong></span> <span class='ocrx_word' id='word_1_28' title='bbox 403 893 443 966; x_wconf 90' lang='lat' dir='ltr'><strong>in</strong></span> <span class='ocrx_word' id='word_1_29' title='bbox 481 893 680 992; x_wconf 76' lang='lat' dir='ltr'><strong>organismo</strong></span> <span class='ocrx_word' id='word_1_30' title='bbox 715 893 786 992; x_wconf 90' lang='lat' dir='ltr'><strong>egit</strong></span> <span class='ocrx_word' id='word_1_31' title='bbox 818 892 974 989; x_wconf 80' lang='lat' dir='ltr'><strong>radices,</strong></span> <span class='ocrx_word' id='word_1_32' title='bbox 1013 894 1122 996; x_wconf 87' lang='lat' dir='ltr'><strong>inque</strong></span> <span class='ocrx_word' id='word_1_33' title='bbox 1157 895 1262 974; x_wconf 80' lang='lat' dir='ltr'><strong>variis</strong></span> <span class='ocrx_word' id='word_1_34' title='bbox 1285 895 1425 1006; x_wconf 52' lang='lat' dir='ltr'><strong>⁸erupit</strong></span> 
     </span>
     <span class='ocr_line' id='line_1_7' title="bbox 310 1007 1425 1113; baseline 0.003 -29"><span class='ocrx_word' id='word_1_35' title='bbox 310 1007 406 1084; x_wconf 83' lang='lat' dir='ltr'><strong>loeis</strong></span> <span class='ocrx_word' id='word_1_36' title='bbox 431 1009 523 1082; x_wconf 86' lang='lat' dir='ltr'><strong>Ante</strong></span> <span class='ocrx_word' id='word_1_37' title='bbox 548 1011 667 1086; x_wconf 83' lang='grc'><strong>0011110</strong></span> <span class='ocrx_word' id='word_1_38' title='bbox 691 1011 866 1112; x_wconf 86' lang='lat' dir='ltr'><strong>impetum</strong></span> <span class='ocrx_word' id='word_1_39' title='bbox 889 1025 1032 1113; x_wconf 86' lang='lat' dir='ltr'><strong>experta</strong></span> <span class='ocrx_word' id='word_1_40' title='bbox 1067 1027 1121 1093; x_wconf 80' lang='lat' dir='ltr'><strong>est</strong></span> <span class='ocrx_word' id='word_1_41' title='bbox 1158 1037 1245 1098; x_wconf 75' lang='lat' dir='ltr'><strong>coxa</strong></span> <span class='ocrx_word' id='word_1_42' title='bbox 1280 1011 1425 1112; x_wconf 85' lang='lat' dir='ltr'><strong>dextra,</strong></span> 
     </span>
     <span class='ocr_line' id='line_1_8' title="bbox 310 1129 1422 1234; baseline 0.004 -32"><span class='ocrx_word' id='word_1_43' title='bbox 310 1143 348 1202; x_wconf 93' lang='lat' dir='ltr'><strong>et</strong></span> <span class='ocrx_word' id='word_1_44' title='bbox 371 1129 538 1230; x_wconf 88' lang='lat' dir='ltr'><strong>quidem,</strong></span> <span class='ocrx_word' id='word_1_45' title='bbox 562 1143 603 1208; x_wconf 91' lang='lat' dir='ltr'><strong>ut</strong></span> <span class='ocrx_word' id='word_1_46' title='bbox 627 1129 783 1226; x_wconf 86' lang='lat' dir='ltr'><strong>videtur,</strong></span> <span class='ocrx_word' id='word_1_47' title='bbox 806 1157 937 1208; x_wconf 87' lang='lat' dir='ltr'><strong>nervus</strong></span> <span class='ocrx_word' id='word_1_48' title='bbox 969 1132 1191 1232; x_wconf 87' lang='lat' dir='ltr'><strong>isohiatious,</strong></span> <span class='ocrx_word' id='word_1_49' title='bbox 1214 1133 1244 1207; x_wconf 90' lang='lat' dir='ltr'><strong>si</strong></span> <span class='ocrx_word' id='word_1_50' title='bbox 1270 1159 1422 1234; x_wconf 86' lang='lat' dir='ltr'><strong>perpen-</strong></span> 
     </span>
     <span class='ocr_line' id='line_1_9' title="bbox 310 1245 1422 1350; baseline 0.002 -28"><span class='ocrx_word' id='word_1_51' title='bbox 310 1247 427 1322; x_wconf 81' lang='lat' dir='ltr'>dimus</span> <span class='ocrx_word' id='word_1_52' title='bbox 451 1245 581 1322; x_wconf 91' lang='lat' dir='ltr'><strong>doloris</strong></span> <span class='ocrx_word' id='word_1_53' title='bbox 606 1247 876 1330; x_wconf 75' lang='lat' dir='ltr'><strong>diuturnitatem</strong></span> <span class='ocrx_word' id='word_1_54' title='bbox 907 1249 952 1323; x_wconf 90' lang='lat' dir='ltr'><strong>ab</strong></span> <span class='ocrx_word' id='word_1_55' title='bbox 990 1277 1093 1350; x_wconf 87' lang='lat' dir='ltr'><strong>aegra</strong></span> <span class='ocrx_word' id='word_1_56' title='bbox 1130 1249 1298 1345; x_wconf 82' lang='lat' dir='ltr'><strong>relatam,</strong></span> <span class='ocrx_word' id='word_1_57' title='bbox 1333 1251 1422 1350; x_wconf 91' lang='lat' dir='ltr'><strong>quin</strong></span> 
     </span>
     <span class='ocr_line' id='line_1_10' title="bbox 309 1367 1423 1472; baseline 0.004 -32"><span class='ocrx_word' id='word_1_58' title='bbox 309 1381 428 1441; x_wconf 89' lang='lat' dir='ltr'><strong>motus</strong></span> <span class='ocrx_word' id='word_1_59' title='bbox 445 1368 556 1441; x_wconf 88' lang='lat' dir='ltr'><strong>cruris</strong></span> <span class='ocrx_word' id='word_1_60' title='bbox 574 1367 680 1442; x_wconf 90' lang='lat' dir='ltr'><strong>luerit</strong></span> <span class='ocrx_word' id='word_1_61' title='bbox 701 1369 903 1448; x_wconf 71' lang='lat' dir='ltr'><strong>notabiliter</strong></span> <span class='ocrx_word' id='word_1_62' title='bbox 922 1369 1057 1469; x_wconf 88' lang='lat' dir='ltr'><strong>lassus,</strong></span> <span class='ocrx_word' id='word_1_63' title='bbox 1081 1385 1186 1472; x_wconf 88' lang='lat' dir='ltr'><strong>atque</strong></span> <span class='ocrx_word' id='word_1_64' title='bbox 1211 1371 1423 1446; x_wconf 89' lang='lat' dir='ltr'><strong>deourrendi</strong></span> 
     </span>
     <span class='ocr_line' id='line_1_11' title="bbox 309 1485 1423 1588; baseline 0.004 -30"><span class='ocrx_word' id='word_1_65' title='bbox 309 1485 479 1584; x_wconf 79' lang='lat' dir='ltr'><strong>modum,</strong></span> <span class='ocrx_word' id='word_1_66' title='bbox 503 1487 609 1560; x_wconf 82' lang='lat' dir='ltr'><strong>lixam</strong></span> <span class='ocrx_word' id='word_1_67' title='bbox 632 1499 758 1588; x_wconf 88' lang='lat' dir='ltr'><strong>utpote</strong></span> <span class='ocrx_word' id='word_1_68' title='bbox 781 1487 866 1560; x_wconf 90' lang='lat' dir='ltr'><strong>mali</strong></span> <span class='ocrx_word' id='word_1_69' title='bbox 890 1487 1031 1583; x_wconf 88' lang='lat' dir='ltr'><strong>sedem,</strong></span> <span class='ocrx_word' id='word_1_70' title='bbox 1047 1515 1117 1588; x_wconf 92' lang='lat' dir='ltr'><strong>qua</strong></span> <span class='ocrx_word' id='word_1_71' title='bbox 1140 1489 1324 1562; x_wconf 80' lang='lat' dir='ltr'><strong>rheumata</strong></span> <span class='ocrx_word' id='word_1_72' title='bbox 1339 1513 1423 1562; x_wconf 88' lang='lat' dir='ltr'><strong>ner·</strong></span> 
     </span>
     <span class='ocr_line' id='line_1_12' title="bbox 309 1605 1423 1708; baseline 0 -26"><span class='ocrx_word' id='word_1_73' title='bbox 309 1631 458 1707; x_wconf 83' lang='lat' dir='ltr'><strong>vorum,</strong></span> <span class='ocrx_word' id='word_1_74' title='bbox 482 1606 527 1682; x_wconf 91' lang='lat' dir='ltr'><strong>ab</strong></span> <span class='ocrx_word' id='word_1_75' title='bbox 551 1607 620 1688; x_wconf 82' lang='lat' dir='ltr'><strong>illis</strong></span> <span class='ocrx_word' id='word_1_76' title='bbox 642 1605 870 1684; x_wconf 84' lang='lat' dir='ltr'><strong>articulorum</strong></span> <span class='ocrx_word' id='word_1_77' title='bbox 886 1623 923 1682; x_wconf 88' lang='lat' dir='ltr'><strong>et</strong></span> <span class='ocrx_word' id='word_1_78' title='bbox 946 1607 1187 1686; x_wconf 78' lang='lat' dir='ltr'><strong>musculorum</strong></span> <span class='ocrx_word' id='word_1_79' title='bbox 1211 1609 1423 1708; x_wconf 80' lang='lat' dir='ltr'><strong>discrepant.</strong></span> 
     </span>
     <span class='ocr_line' id='line_1_13' title="bbox 309 1723 1423 1828; baseline 0.001 -31"><span class='ocrx_word' id='word_1_80' title='bbox 309 1723 461 1821; x_wconf 83' lang='lat' dir='ltr'><strong>Postea,</strong></span> <span class='ocrx_word' id='word_1_81' title='bbox 484 1727 617 1800; x_wconf 87' lang='lat' dir='ltr'><strong>reoenti</strong></span> <span class='ocrx_word' id='word_1_82' title='bbox 642 1725 820 1828; x_wconf 82' lang='lat' dir='ltr'><strong>refrigerio</strong></span> <span class='ocrx_word' id='word_1_83' title='bbox 844 1725 1052 1822; x_wconf 80' lang='lat' dir='ltr'><strong>ascedente,</strong></span> <span class='ocrx_word' id='word_1_84' title='bbox 1074 1751 1156 1800; x_wconf 89' lang='lat' dir='ltr'><strong>suos</strong></span> <span class='ocrx_word' id='word_1_85' title='bbox 1173 1724 1306 1800; x_wconf 89' lang='lat' dir='ltr'><strong>natales</strong></span> <span class='ocrx_word' id='word_1_86' title='bbox 1323 1724 1423 1806; x_wconf 88' lang='lat' dir='ltr'><strong>velut</strong></span> 
     </span>
     <span class='ocr_line' id='line_1_14' title="bbox 310 1841 1422 1943; baseline -0.002 -27"><span class='ocrx_word' id='word_1_87' title='bbox 310 1841 487 1943; x_wconf 81' lang='lat' dir='ltr'><strong>extemplo</strong></span> <span class='ocrx_word' id='word_1_88' title='bbox 511 1842 667 1924; x_wconf 87' lang='lat' dir='ltr'><strong>deseruit</strong></span> <span class='ocrx_word' id='word_1_89' title='bbox 690 1843 824 1922; x_wconf 88' lang='lat' dir='ltr'><strong>malum</strong></span> <span class='ocrx_word' id='word_1_90' title='bbox 840 1843 990 1941; x_wconf 75' lang='lat' dir='ltr'><strong>bienna,</strong></span> <span class='ocrx_word' id='word_1_91' title='bbox 1014 1843 1060 1918; x_wconf 89' lang='lat' dir='ltr'><strong>ad</strong></span> <span class='ocrx_word' id='word_1_92' title='bbox 1084 1841 1230 1918; x_wconf 87' lang='grc'><strong>0001010</strong></span> <span class='ocrx_word' id='word_1_93' title='bbox 1252 1842 1422 1924; x_wconf 77' lang='lat' dir='ltr'><strong>dextrum</strong></span> 
     </span>
     <span class='ocr_line' id='line_1_15' title="bbox 310 1961 1424 2065; baseline 0 -29"><span class='ocrx_word' id='word_1_94' title='bbox 310 1967 525 2065; x_wconf 81' lang='lat' dir='ltr'><strong>trajectum,</strong></span> <span class='ocrx_word' id='word_1_95' title='bbox 548 1963 612 2038; x_wconf 91' lang='lat' dir='ltr'><strong>ubi</strong></span> <span class='ocrx_word' id='word_1_96' title='bbox 635 1978 747 2039; x_wconf 85' lang='lat' dir='ltr'><strong>totam</strong></span> <span class='ocrx_word' id='word_1_97' title='bbox 772 1991 873 2038; x_wconf 90' lang='lat' dir='ltr'><strong>suam</strong></span> <span class='ocrx_word' id='word_1_98' title='bbox 889 1965 1045 2038; x_wconf 86' lang='lat' dir='ltr'><strong>exerouit</strong></span> <span class='ocrx_word' id='word_1_99' title='bbox 1065 1961 1306 2065; x_wconf 82' lang='lat' dir='ltr'><strong>tyrannidem,</strong></span> <span class='ocrx_word' id='word_1_100' title='bbox 1322 1987 1424 2037; x_wconf 88' lang='lat' dir='ltr'><strong>eous·</strong></span> 
     </span>
     <span class='ocr_line' id='line_1_16' title="bbox 309 2081 1424 2184; baseline 0 -28"><span class='ocrx_word' id='word_1_101' title='bbox 309 2109 380 2184; x_wconf 89' lang='lat' dir='ltr'><strong>que</strong></span> <span class='ocrx_word' id='word_1_102' title='bbox 415 2081 649 2179; x_wconf 90' lang='lat' dir='ltr'><strong>duraturam,</strong></span> <span class='ocrx_word' id='word_1_103' title='bbox 679 2081 792 2159; x_wconf 89' lang='lat' dir='ltr'><strong>donec</strong></span> <span class='ocrx_word' id='word_1_104' title='bbox 833 2083 977 2158; x_wconf 88' lang='lat' dir='ltr'><strong>victima</strong></span> <span class='ocrx_word' id='word_1_105' title='bbox 1018 2083 1225 2156; x_wconf 77' lang='lat' dir='ltr'><strong>remanserit</strong></span> <span class='ocrx_word' id='word_1_106' title='bbox 1265 2105 1424 2182; x_wconf 75' lang='lat' dir='ltr'><strong>organon</strong></span> 
     </span>
     <span class='ocr_line' id='line_1_17' title="bbox 310 2199 1423 2293; baseline -0.002 -17"><span class='ocrx_word' id='word_1_107' title='bbox 310 2201 490 2293; x_wconf 81' lang='lat' dir='ltr'><strong>tenellum</strong></span> <span class='ocrx_word' id='word_1_108' title='bbox 516 2202 679 2276; x_wconf 87' lang='lat' dir='ltr'><strong>Tandem</strong></span> <span class='ocrx_word' id='word_1_109' title='bbox 702 2228 776 2286; x_wconf 86' lang='grc'><strong>000</strong></span> <span class='ocrx_word' id='word_1_110' title='bbox 800 2204 932 2276; x_wconf 63' lang='lat' dir='ltr'><strong>minori,</strong></span> <span class='ocrx_word' id='word_1_111' title='bbox 953 2204 1085 2278; x_wconf 70' lang='lat' dir='ltr'><strong>abacia</strong></span> <span class='ocrx_word' id='word_1_112' title='bbox 1114 2201 1153 2276; x_wconf 92' lang='grc'><strong>10</strong></span> <span class='ocrx_word' id='word_1_113' title='bbox 1187 2199 1338 2278; x_wconf 83' lang='lat' dir='ltr'><strong>alterum</strong></span> <span class='ocrx_word' id='word_1_114' title='bbox 1361 2199 1423 2276; x_wconf 90' lang='lat' dir='ltr'><strong>de·</strong></span> 
     </span>
     <span class='ocr_line' id='line_1_18' title="bbox 310 2319 1421 2420; baseline -0.004 -26"><span class='ocrx_word' id='word_1_115' title='bbox 310 2323 443 2396; x_wconf 82' lang='lat' dir='ltr'><strong>saeviit.</strong></span> <span class='ocrx_word' id='word_1_116' title='bbox 466 2362 518 2378; x_wconf 87' lang='lat'>-</span> <span class='ocrx_word' id='word_1_117' title='bbox 542 2321 622 2396; x_wconf 86' lang='lat' dir='ltr'><strong>Sive</strong></span> <span class='ocrx_word' id='word_1_118' title='bbox 639 2321 745 2419; x_wconf 91' lang='lat' dir='ltr'><strong>igitur</strong></span> <span class='ocrx_word' id='word_1_119' title='bbox 760 2333 940 2394; x_wconf 88' lang='lat' dir='ltr'><strong>momenta</strong></span> <span class='ocrx_word' id='word_1_120' title='bbox 956 2330 1214 2420; x_wconf 77' lang='lat' dir='ltr'><strong>pro&#39;egumena,</strong></span> <span class='ocrx_word' id='word_1_121' title='bbox 1238 2319 1312 2392; x_wconf 85' lang='lat' dir='ltr'><strong>sive</strong></span> <span class='ocrx_word' id='word_1_122' title='bbox 1335 2343 1421 2390; x_wconf 89' lang='lat' dir='ltr'><strong>cau·</strong></span> 
     </span>
     <span class='ocr_line' id='line_1_19' title="bbox 310 2437 1421 2542; baseline -0.006 -27"><span class='ocrx_word' id='word_1_123' title='bbox 310 2467 387 2515; x_wconf 87' lang='lat' dir='ltr'><strong>sam</strong></span> <span class='ocrx_word' id='word_1_124' title='bbox 410 2440 720 2542; x_wconf 85' lang='lat' dir='ltr'><strong>prooatarotieam,</strong></span> <span class='ocrx_word' id='word_1_125' title='bbox 747 2440 821 2512; x_wconf 89' lang='lat' dir='ltr'><strong>sive</strong></span> <span class='ocrx_word' id='word_1_126' title='bbox 845 2438 1014 2512; x_wconf 79' lang='lat' dir='ltr'><strong>desumus</strong></span> <span class='ocrx_word' id='word_1_127' title='bbox 1039 2452 1076 2511; x_wconf 89' lang='lat' dir='ltr'><strong>et</strong></span> <span class='ocrx_word' id='word_1_128' title='bbox 1091 2437 1421 2538; x_wconf 86' lang='lat' dir='ltr'><strong>phaenomenorum</strong></span> 
     </span>
     <span class='ocr_line' id='line_1_20' title="bbox 310 2547 1424 2663; baseline -0.005 -27"><span class='ocrx_word' id='word_1_129' title='bbox 310 2563 482 2636; x_wconf 90' lang='lat' dir='ltr'><strong>rationem</strong></span> <span class='ocrx_word' id='word_1_130' title='bbox 494 2561 779 2662; x_wconf 82' lang='lat' dir='ltr'><strong>spectemus,vix</strong></span> <span class='ocrx_word' id='word_1_131' title='bbox 790 2560 993 2663; x_wconf 90' lang='lat' dir='ltr'><strong>quempiam</strong></span> <span class='ocrx_word' id='word_1_132' title='bbox 1003 2547 1248 2632; x_wconf 79' lang='lat' dir='ltr'><strong>dubitaturum</strong></span> <span class='ocrx_word' id='word_1_133' title='bbox 1258 2557 1332 2634; x_wconf 86' lang='grc'><strong>1010</strong></span> <span class='ocrx_word' id='word_1_134' title='bbox 1349 2583 1424 2630; x_wconf 87' lang='grc'><strong>010-</strong></span> 
     </span>
    </p>
   </div>
   <div class='ocr_carea' id='block_1_2' title="bbox 310 2675 1552 3247">
    <p class='ocr_par' dir='ltr' id='par_1_3' title="bbox 310 2675 1552 3136">
     <span class='ocr_line' id='line_1_21' title="bbox 310 2675 1423 2780; baseline -0.008 -23"><span class='ocrx_word' id='word_1_135' title='bbox 310 2683 427 2758; x_wconf 83' lang='lat' dir='ltr'><strong>dimus</strong></span> <span class='ocrx_word' id='word_1_136' title='bbox 438 2679 656 2780; x_wconf 88' lang='lat' dir='ltr'><strong>,malefloum</strong></span> <span class='ocrx_word' id='word_1_137' title='bbox 669 2679 814 2754; x_wconf 88' lang='lat' dir='ltr'><strong>rheuma</strong></span> <span class='ocrx_word' id='word_1_138' title='bbox 824 2679 947 2775; x_wconf 86' lang='lat' dir='ltr'><strong>fuisse,</strong></span> <span class='ocrx_word' id='word_1_139' title='bbox 961 2677 1060 2780; x_wconf 90' lang='lat' dir='ltr'><strong>quod</strong></span> <span class='ocrx_word' id='word_1_140' title='bbox 1075 2675 1282 2752; x_wconf 71' lang='lat' dir='ltr'><strong>nobilissimi</strong></span> <span class='ocrx_word' id='word_1_141' title='bbox 1299 2677 1423 2774; x_wconf 85' lang='lat' dir='ltr'><strong>organi</strong></span> 
     </span>
     <span class='ocr_line' id='line_1_22' title="bbox 311 2793 1552 2903; baseline -0.013 -22"><span class='ocrx_word' id='word_1_142' title='bbox 311 2817 431 2881; x_wconf 86' lang='lat' dir='ltr'><strong>tenera</strong></span> <span class='ocrx_word' id='word_1_143' title='bbox 456 2815 492 2876; x_wconf 93' lang='lat' dir='ltr'><strong>et</strong></span> <span class='ocrx_word' id='word_1_144' title='bbox 515 2793 1423 2903; x_wconf 59' lang='grc' dir='ltr'><strong>111011001010010011,οε110100100010111111111100-</strong></span> <span class='ocrx_word' id='word_1_145' title='bbox 1547 2837 1552 2848; x_wconf 92' lang='lat'><em>·</em></span> 
     </span>
     <span class='ocr_line' id='line_1_23' title="bbox 311 2913 1424 3018; baseline -0.006 -24"><span class='ocrx_word' id='word_1_146' title='bbox 311 2947 392 2994; x_wconf 91' lang='lat' dir='ltr'><strong>rum</strong></span> <span class='ocrx_word' id='word_1_147' title='bbox 416 2918 574 2994; x_wconf 88' lang='lat' dir='ltr'><strong>surculos</strong></span> <span class='ocrx_word' id='word_1_148' title='bbox 600 2917 824 3014; x_wconf 72' lang='lat' dir='ltr'><strong>boemundo,</strong></span> <span class='ocrx_word' id='word_1_149' title='bbox 840 2918 1061 3018; x_wconf 81' lang='lat' dir='ltr'><strong>pervioaeem</strong></span> <span class='ocrx_word' id='word_1_150' title='bbox 1081 2913 1178 2988; x_wconf 92' lang='lat' dir='ltr'><strong>illam</strong></span> <span class='ocrx_word' id='word_1_151' title='bbox 1194 2913 1360 3014; x_wconf 83' lang='lat' dir='ltr'><strong>produxit</strong></span> <span class='ocrx_word' id='word_1_152' title='bbox 1378 2923 1424 2987; x_wconf 77' lang='lat' dir='ltr'><strong>&#39;et</strong></span> 
     </span>
     <span class='ocr_line' id='line_1_24' title="bbox 311 3030 1417 3136; baseline -0.007 -24"><span class='ocrx_word' id='word_1_153' title='bbox 311 3035 401 3112; x_wconf 85' lang='lat' dir='ltr'><strong>lbvit</strong></span> <span class='ocrx_word' id='word_1_154' title='bbox 416 3033 786 3136; x_wconf 84' lang='lat' dir='ltr'><strong>ophthalmodyniam‚</strong></span> <span class='ocrx_word' id='word_1_155' title='bbox 796 3032 953 3106; x_wconf 82' lang='lat' dir='ltr'><strong>funestae</strong></span> <span class='ocrx_word' id='word_1_156' title='bbox 970 3057 1192 3106; x_wconf 83' lang='lat' dir='ltr'><strong>amaumseos</strong></span> <span class='ocrx_word' id='word_1_157' title='bbox 1203 3030 1417 3129; x_wconf 81' lang='lat' dir='ltr'><strong>genitricem.</strong></span> 
     </span>
    </p>

    <p class='ocr_par' dir='ltr' id='par_1_4' title="bbox 361 3139 1424 3247">
     <span class='ocr_line' id='line_1_25' title="bbox 361 3139 1424 3247; baseline -0.006 -21"><span class='ocrx_word' id='word_1_158' title='bbox 361 3139 506 3226; x_wconf 85' lang='lat' dir='ltr'><strong>Hanoce</strong></span> <span class='ocrx_word' id='word_1_159' title='bbox 530 3165 688 3227; x_wconf 86' lang='lat' dir='ltr'><strong>nostram</strong></span> <span class='ocrx_word' id='word_1_160' title='bbox 712 3151 923 3224; x_wconf 88' lang='lat' dir='ltr'><strong>sententiam</strong></span> <span class='ocrx_word' id='word_1_161' title='bbox 948 3149 1156 3222; x_wconf 84' lang='lat' dir='ltr'><strong>confirmare</strong></span> <span class='ocrx_word' id='word_1_162' title='bbox 1185 3145 1301 3220; x_wconf 87' lang='lat' dir='ltr'><strong>adbuc</strong></span> <span class='ocrx_word' id='word_1_163' title='bbox 1332 3147 1424 3247; x_wconf 78' lang='lat' dir='ltr'><strong>juvit</strong></span> 
     </span>
    </p>
   </div>
   <div class='ocr_carea' id='block_1_3' title="bbox 311 3265 1426 4545">
    <p class='ocr_par' dir='ltr' id='par_1_5' title="bbox 311 3265 1426 4545">
     <span class='ocr_line' id='line_1_26' title="bbox 311 3265 1422 3355; baseline -0.005 -12"><span class='ocrx_word' id='word_1_164' title='bbox 311 3269 479 3349; x_wconf 78' lang='lat' dir='ltr'><strong>substrati</strong></span> <span class='ocrx_word' id='word_1_165' title='bbox 519 3269 762 3355; x_wconf 78' lang='lat' dir='ltr'><strong>comideratio.</strong></span> <span class='ocrx_word' id='word_1_166' title='bbox 805 3266 1019 3344; x_wconf 84' lang='lat' dir='ltr'><strong>Essentiales</strong></span> <span class='ocrx_word' id='word_1_167' title='bbox 1066 3268 1160 3340; x_wconf 87' lang='lat' dir='ltr'><strong>inter</strong></span> <span class='ocrx_word' id='word_1_168' title='bbox 1204 3265 1422 3344; x_wconf 83' lang='lat' dir='ltr'><strong>cbaraoteres</strong></span> 
     </span>
     <span class='ocr_line' id='line_1_27' title="bbox 311 3381 1421 3486; baseline -0.004 -26"><span class='ocrx_word' id='word_1_169' title='bbox 311 3385 505 3462; x_wconf 85' lang='lat' dir='ltr'><strong>rheumatis</strong></span> <span class='ocrx_word' id='word_1_170' title='bbox 529 3399 566 3458; x_wconf 91' lang='lat' dir='ltr'><strong>et</strong></span> <span class='ocrx_word' id='word_1_171' title='bbox 593 3383 653 3458; x_wconf 91' lang='lat' dir='ltr'><strong>ille</strong></span> <span class='ocrx_word' id='word_1_172' title='bbox 687 3385 868 3484; x_wconf 84' lang='lat' dir='ltr'><strong>pertinet,</strong></span> <span class='ocrx_word' id='word_1_173' title='bbox 905 3384 1004 3486; x_wconf 86' lang='lat' dir='ltr'><strong>quod</strong></span> <span class='ocrx_word' id='word_1_174' title='bbox 1040 3409 1179 3486; x_wconf 89' lang='lat' dir='ltr'><strong>semper</strong></span> <span class='ocrx_word' id='word_1_175' title='bbox 1208 3381 1421 3456; x_wconf 89' lang='lat' dir='ltr'><strong>membranis</strong></span> 
     </span>
     <span class='ocr_line' id='line_1_28' title="bbox 311 3499 1421 3602; baseline -0.004 -27"><span class='ocrx_word' id='word_1_176' title='bbox 311 3503 437 3576; x_wconf 90' lang='lat' dir='ltr'><strong>serosis</strong></span> <span class='ocrx_word' id='word_1_177' title='bbox 460 3501 632 3597; x_wconf 88' lang='lat' dir='ltr'><strong>insideat,</strong></span> <span class='ocrx_word' id='word_1_178' title='bbox 655 3501 781 3602; x_wconf 86' lang='lat' dir='ltr'><strong>hisque</strong></span> <span class='ocrx_word' id='word_1_179' title='bbox 805 3499 938 3576; x_wconf 85' lang='lat' dir='ltr'><strong>diutius</strong></span> <span class='ocrx_word' id='word_1_180' title='bbox 962 3527 1004 3584; x_wconf 88' lang='lat' dir='ltr'><strong>ae</strong></span> <span class='ocrx_word' id='word_1_181' title='bbox 1029 3502 1242 3602; x_wconf 88' lang='lat' dir='ltr'><strong>pertinaoius</strong></span> <span class='ocrx_word' id='word_1_182' title='bbox 1273 3499 1421 3585; x_wconf 80' lang='lat' dir='ltr'><strong>adflictis</strong></span> 
     </span>
     <span class='ocr_line' id='line_1_29' title="bbox 312 3617 1422 3721; baseline -0.007 -23"><span class='ocrx_word' id='word_1_183' title='bbox 312 3619 358 3698; x_wconf 82' lang='lat' dir='ltr'><strong>ad</strong></span> <span class='ocrx_word' id='word_1_184' title='bbox 381 3618 525 3700; x_wconf 84' lang='lat' dir='ltr'><strong>fibrosas</strong></span> <span class='ocrx_word' id='word_1_185' title='bbox 550 3619 758 3693; x_wconf 81' lang='lat' dir='ltr'><strong>extendatur</strong></span> <span class='ocrx_word' id='word_1_186' title='bbox 794 3621 941 3694; x_wconf 79' lang='lat' dir='ltr'><strong>tunicas</strong></span> <span class='ocrx_word' id='word_1_187' title='bbox 972 3621 1184 3695; x_wconf 43' lang='lat' dir='ltr'><strong>Secundum*</strong></span> <span class='ocrx_word' id='word_1_188' title='bbox 1206 3617 1422 3721; x_wconf 79' lang='lat' dir='ltr'><strong>physiologi·</strong></span> 
     </span>
     <span class='ocr_line' id='line_1_30' title="bbox 312 3735 1422 3839; baseline 0.002 -29"><span class='ocrx_word' id='word_1_189' title='bbox 312 3761 392 3810; x_wconf 91' lang='lat' dir='ltr'><strong>oam</strong></span> <span class='ocrx_word' id='word_1_190' title='bbox 415 3738 614 3838; x_wconf 83' lang='lat' dir='ltr'><strong>systematis</strong></span> <span class='ocrx_word' id='word_1_191' title='bbox 638 3735 925 3817; x_wconf 86' lang='lat' dir='ltr'><strong>membranarum</strong></span> <span class='ocrx_word' id='word_1_192' title='bbox 949 3763 1149 3812; x_wconf 84' lang='lat' dir='ltr'><strong>serosarum</strong></span> <span class='ocrx_word' id='word_1_193' title='bbox 1178 3739 1422 3839; x_wconf 79' lang='lat' dir='ltr'><strong>partitionem,</strong></span> 
     </span>
     <span class='ocr_line' id='line_1_31' title="bbox 312 3854 1423 3957; baseline 0.001 -30"><span class='ocrx_word' id='word_1_194' title='bbox 312 3867 464 3955; x_wconf 87' lang='lat' dir='ltr'><strong>quatuor</strong></span> <span class='ocrx_word' id='word_1_195' title='bbox 487 3854 663 3930; x_wconf 90' lang='lat' dir='ltr'><strong>habentur</strong></span> <span class='ocrx_word' id='word_1_196' title='bbox 686 3855 929 3931; x_wconf 87' lang='lat' dir='ltr'><strong>rheumatismi</strong></span> <span class='ocrx_word' id='word_1_197' title='bbox 958 3857 1113 3957; x_wconf 59' lang='lat' dir='ltr'><strong>speeiem</strong></span> <span class='ocrx_word' id='word_1_198' title='bbox 1142 3857 1262 3957; x_wconf 86' lang='lat' dir='ltr'><strong>prouti</strong></span> <span class='ocrx_word' id='word_1_199' title='bbox 1295 3879 1423 3956; x_wconf 89' lang='lat' dir='ltr'><strong>nempe</strong></span> 
     </span>
     <span class='ocr_line' id='line_1_32' title="bbox 311 3971 1424 4078; baseline -0.003 -28"><span class='ocrx_word' id='word_1_200' title='bbox 311 3971 370 4050; x_wconf 88' lang='grc'><strong>101</strong></span> <span class='ocrx_word' id='word_1_201' title='bbox 395 3975 537 4074; x_wconf 82' lang='lat' dir='ltr'><strong>vaginas</strong></span> <span class='ocrx_word' id='word_1_202' title='bbox 562 3974 826 4072; x_wconf 85' lang='lat' dir='ltr'><strong>musculorum,</strong></span> <span class='ocrx_word' id='word_1_203' title='bbox 850 3975 908 4050; x_wconf 89' lang='lat' dir='ltr'><strong>vel</strong></span> <span class='ocrx_word' id='word_1_204' title='bbox 933 3975 1093 4078; x_wconf 86' lang='lat' dir='ltr'><strong>capsulas</strong></span> <span class='ocrx_word' id='word_1_205' title='bbox 1124 3973 1424 4070; x_wconf 90' lang='lat' dir='ltr'><strong>artioulationum,</strong></span> 
     </span>
     <span class='ocr_line' id='line_1_33' title="bbox 311 4089 1421 4188; baseline -0.001 -22"><span class='ocrx_word' id='word_1_206' title='bbox 311 4089 370 4166; x_wconf 87' lang='grc'><strong>101</strong></span> <span class='ocrx_word' id='word_1_207' title='bbox 393 4091 547 4168; x_wconf 85' lang='lat' dir='ltr'><strong>solitaria</strong></span> <span class='ocrx_word' id='word_1_208' title='bbox 570 4091 754 4168; x_wconf 80' lang='lat' dir='ltr'><strong>involucra</strong></span> <span class='ocrx_word' id='word_1_209' title='bbox 777 4095 984 4188; x_wconf 86' lang='lat' dir='ltr'><strong>viseerum,</strong></span> <span class='ocrx_word' id='word_1_210' title='bbox 1015 4091 1073 4168; x_wconf 88' lang='grc'><strong>101</strong></span> <span class='ocrx_word' id='word_1_211' title='bbox 1102 4119 1294 4168; x_wconf 75' lang='lat' dir='ltr'><strong>nervorum</strong></span> <span class='ocrx_word' id='word_1_212' title='bbox 1324 4091 1421 4166; x_wconf 69' lang='lat' dir='ltr'><strong>vela÷</strong></span> 
     </span>
     <span class='ocr_line' id='line_1_34' title="bbox 312 4209 1426 4312; baseline -0.001 -26"><span class='ocrx_word' id='word_1_213' title='bbox 312 4213 409 4286; x_wconf 88' lang='lat' dir='ltr'><strong>mina</strong></span> <span class='ocrx_word' id='word_1_214' title='bbox 434 4209 603 4312; x_wconf 83' lang='lat' dir='ltr'><strong>plectunt.</strong></span> <span class='ocrx_word' id='word_1_215' title='bbox 626 4251 677 4267; x_wconf 90' lang='lat'><strong>—-</strong></span> <span class='ocrx_word' id='word_1_216' title='bbox 702 4211 738 4283; x_wconf 92' lang='lat' dir='ltr'><strong>Si</strong></span> <span class='ocrx_word' id='word_1_217' title='bbox 763 4236 859 4284; x_wconf 90' lang='lat' dir='ltr'><strong>nune</strong></span> <span class='ocrx_word' id='word_1_218' title='bbox 897 4225 937 4284; x_wconf 93' lang='lat' dir='ltr'><strong>ut</strong></span> <span class='ocrx_word' id='word_1_219' title='bbox 971 4211 1129 4286; x_wconf 76' lang='grc'><strong>01101001</strong></span> <span class='ocrx_word' id='word_1_220' title='bbox 1165 4209 1426 4311; x_wconf 75' lang='lat' dir='ltr'><strong>supponimus,</strong></span> 
     </span>
     <span class='ocr_line' id='line_1_35' title="bbox 313 4327 1424 4430; baseline -0.001 -30"><span class='ocrx_word' id='word_1_221' title='bbox 313 4327 530 4402; x_wconf 86' lang='lat' dir='ltr'><strong>substratum</strong></span> <span class='ocrx_word' id='word_1_222' title='bbox 553 4327 686 4402; x_wconf 88' lang='lat' dir='ltr'><strong>doloris</strong></span> <span class='ocrx_word' id='word_1_223' title='bbox 711 4343 835 4403; x_wconf 89' lang='lat' dir='ltr'><strong>nostro</strong></span> <span class='ocrx_word' id='word_1_224' title='bbox 861 4331 899 4402; x_wconf 90' lang='lat' dir='ltr'><strong>in</strong></span> <span class='ocrx_word' id='word_1_225' title='bbox 930 4355 1014 4402; x_wconf 87' lang='lat' dir='ltr'><strong>casu</strong></span> <span class='ocrx_word' id='word_1_226' title='bbox 1045 4341 1199 4430; x_wconf 85' lang='lat' dir='ltr'><strong>systema</strong></span> <span class='ocrx_word' id='word_1_227' title='bbox 1233 4350 1424 4404; x_wconf 82' lang='grc'><strong>1101101001</strong></span> 
     </span>
     <span class='ocr_line' id='line_1_36' title="bbox 314 4443 1423 4545; baseline 0.001 -27"><span class='ocrx_word' id='word_1_228' title='bbox 314 4444 501 4545; x_wconf 82' lang='lat' dir='ltr'><strong>eiliarium,</strong></span> <span class='ocrx_word' id='word_1_229' title='bbox 539 4445 694 4524; x_wconf 90' lang='lat' dir='ltr'><strong>indolem</strong></span> <span class='ocrx_word' id='word_1_230' title='bbox 732 4447 916 4524; x_wconf 87' lang='lat' dir='ltr'><strong>morbosae</strong></span> <span class='ocrx_word' id='word_1_231' title='bbox 952 4445 1163 4525; x_wconf 86' lang='lat' dir='ltr'><strong>conditionis</strong></span> <span class='ocrx_word' id='word_1_232' title='bbox 1198 4469 1283 4522; x_wconf 88' lang='grc'><strong>1010</strong></span> <span class='ocrx_word' id='word_1_233' title='bbox 1317 4443 1423 4528; x_wconf 78' lang='lat' dir='ltr'><strong>theu·</strong></span> 
     </span>
    </p>
   </div>
   <div class='ocr_carea' id='block_1_4' title="bbox 0 0 1636 5194">
    <p class='ocr_par' dir='ltr' id='par_1_6' title="bbox 0 0 1636 5194">
     <span class='ocr_line' id='line_1_37' title="bbox 0 0 1636 5194; baseline 0 0"><span class='ocrx_word' id='word_1_234' title='bbox 0 0 1636 5194; x_wconf 95' lang='lat' dir='ltr'><strong> </strong></span> 
     </span>
    </p>
   </div>
  </div>
 </body>
</html>
