3264 5194
236 83 242 94 ·
280 35 460 139 pltlogosi,
476 57 566 138 quae
582 57 723 113 meeum
748 33 1066 137 anevrystuatieum
1084 37 1251 112 contnuo
1269 49 1385 130 tenet,

279 157 325 233 ad
350 159 564 256 periosteum
589 169 801 255 propagata,
829 176 896 227 nec
926 179 999 228 non
1036 181 1057 226 e
1091 169 1384 254 contemporanea

278 273 458 374 pressione
483 298 646 348 vasorum
671 272 903 344 nutriciorum
927 269 1099 370 explicare
1123 295 1313 370 possemus.

328 390 509 462 Decus-sus
532 387 817 488 aortevrysmatis
842 387 1082 464 determinatis
1106 409 1286 486 nunquam
1320 386 1385 458 eir·

279 506 526 583 cumscribitur
549 503 747 602 limitibus3
770 531 865 578 nunc
891 507 986 578 enim
1011 504 1134 605 rapido
1159 529 1277 604 gressu
1307 530 1384 577 cre-

263 627 345 704 scit
368 649 511 721 sacrm,
525 623 752 724 celeriterque
776 637 892 725 partes
918 625 1152 699 conterminas
1168 624 1386 724 depascitur,

277 765 387 816 nunc.
411 747 486 843 ejus
524 743 782 815 incrementum
817 742 996 816 tenacibus
1035 741 1385 843 pseudomembranis

279 876 315 934 et
338 860 491 960 coagulis
515 860 761 962 lymphaticis,
785 883 876 962 quae
901 863 1075 935 internam
1099 862 1293 938 investiunt
1327 887 1386 934 sud

277 983 457 1082 perficiem
492 983 603 1078 cari,
639 992 853 1080 coercetur,
883 983 962 1057 'rita
998 1001 1063 1082 per
1104 980 1235 1056 multos
1271 1005 1383 1055 annos

278 1099 524 1200 protrahenda.
626 1163 630 1170 .
1148 1129 1149 1134 ¹
1387 1115 1392 1126 ·

280 1263 285 1270 ·
305 1277 308 1282 .
327 1217 430 1290 Ratio
453 1220 574 1290 uwrtis
598 1207 877 1318 frequentissima
902 1229 956 1290 est
979 1230 1127 1318 ruptrsra
1151 1215 1327 1315 cystidis,
1350 1229 1388 1288 et

277 1333 406 1432 effusio
435 1337 570 1406 cruoris
596 1333 635 1404 in
669 1357 797 1408 cavum
831 1331 1051 1429 abdominis,
1085 1331 1143 1408 vel
1173 1333 1211 1404 in
1247 1345 1383 1405 textum

277 1449 485 1524 cellulosum
510 1464 607 1524 extra
630 1475 772 1528 saccum
796 1451 1009 1550 peritonaei3
1032 1448 1302 1524 haeumtoeoelia
1312 1493 1326 1539 ,
1349 1464 1386 1522 et

277 1592 371 1640 mors
393 1567 605 1668 „syncopclrb
629 1565 722 1640 Vide
746 1565 928 1640 historiam
953 1569 1093 1640 tertiam
1116 1569 1153 1640 in
1178 1565 1379 1664 necrologio

276 1687 466 1786 epicritico.
495 1685 564 1758 Alii
599 1683 733 1759 obeunt
761 1685 801 1758 in
831 1687 977 1784 gratiam
1012 1685 1385 1787 deuteropathiarum‚

276 1830 367 1904 quae
391 1805 484 1876 inter
508 1803 768 1876 communiores
791 1818 893 1876 sunt:
909 1803 1060 1905 phthisis
1084 1803 1384 1905 osteophthorica,

275 1919 529 2022 hydrocoelia,
554 1935 590 1994 et
613 1919 864 2022 hydrothorax.

326 2039 519 2138 Quousque
544 2039 671 2114 vitium
695 2041 1014 2140 anerrysmaticum
1030 2038 1068 2112 in
1083 2039 1284 2142 primordiis
1308 2061 1384 2116 rer·

275 2172 399 2253 satur,
423 2157 611 2231 difficulter
635 2185 655 2232 a
680 2157 831 2258 simplici
855 2159 1121 2258 angiosthenia,
1150 2157 1209 2234 rel
1243 2159 1382 2256 angisc-

276 2275 362 2347 tasia
381 2275 545 2372 distingui
563 2289 696 2374 potest3
710 2274 861 2375 ideoque
878 2301 999 2348 curam
1016 2273 1185 2347 similium
1201 2301 1384 2374 aegrorum

274 2416 413 2490 semper
437 2417 520 2464 cum
545 2390 660 2491 aliqua
684 2417 748 2492 spe
773 2405 809 2464 et
832 2391 960 2465 fiducia
984 2392 1129 2464 secundi
1154 2407 1301 2466 eventus
1325 2417 1383 2465 su-

276 2511 461 2610 scepimus.
486 2509 652 2582 Remedia
677 2523 797 2584 autem
830 2535 904 2584 non
938 2509 1160 2612 discrepant,
1190 2509 1318 2613 quibus
1342 2513 1382 2584 in

275 2628 430 2728 propitio
464 2627 724 2727 angiosthenioe
759 2653 841 2701 casu
875 2629 1060 2730 pristinam
1092 2629 1242 2703 salutem
1276 2631 1377 2703 resti-

276 2744 436 2840 tuimus,
468 2745 507 2818 in
536 2745 676 2820 sinistro
711 2759 832 2820 contre
858 2749 1111 2848 anevrysmatis
1147 2747 1381 2822 lenimentum

276 2861 486 2936 obtinemus.
525 2864 694 2964 Princeps
732 2863 985 2940 inclinationum
1023 2889 1151 2966 scopus
1185 2864 1287 2940 nobis
1324 2863 1383 2936 ille

276 2977 365 3074 suit,
389 2993 430 3052 ut
454 2979 699 3080 aequilibrium
723 2982 816 3055 inter
840 2983 1065 3083 expansiram
1097 2982 1274 3080 sanguinis
1308 2981 1384 3056 elli·

275 3097 462 3193 cientiam,
491 3111 527 3170 et
560 3097 814 3173 contractivam
850 3125 1015 3174 vasorum
1052 3112 1311 3199 componatur,
1344 3100 1384 3172 in

275 3213 467 3314 parietibus
506 3215 712 3290 arteriarum
745 3229 857 3291 status
896 3215 1114 3290 cohaesionis
1152 3216 1384 3312 intendatur,

276 3333 407 3432 talique
441 3332 576 3406 ratione
610 3331 727 3407 futura
762 3335 921 3408 dilatatio
955 3347 1159 3430 avertatur,
1192 3335 1384 3435 proesentis

275 3465 396 3526 autem
418 3450 600 3524 ulteriores
624 3477 826 3550 progressus
850 3463 1087 3526 coerceantur.
1122 3451 1287 3525 Medendi
1312 3477 1384 3524 mc-
1455 3513 1462 3529 ,

274 3569 452 3666 thedom,
476 3594 567 3669 quae
590 3567 657 3643 soli
685 3569 887 3644 dualisticee
918 3570 1047 3646 virium
1083 3568 1244 3644 vitalium
1275 3569 1383 3643 delle-

275 3690 369 3762 xioni
394 3689 578 3784 innititur,
602 3702 644 3762 ut
666 3687 934 3762 insufficientem
958 3703 995 3762 et
1023 3687 1165 3762 noxiam
1200 3687 1384 3760 darurravi·

274 3829 425 3898 mus3a
454 3805 787 3898 venaeseetionibus'
814 3807 909 3878 enim
943 3829 1018 3880 nou
1048 3804 1194 3898 minus,
1230 3827 1384 3903 quamn

274 3921 535 3997 stimulantibus
574 3924 708 3999 malum
748 3939 949 3999 constanter
987 3922 1187 3998 exacerbari
1221 3921 1385 3997 vidimus.

274 4040 350 4114 Nec
382 4039 567 4120 difficulter
604 4043 833 4148 concipienda
869 4044 968 4124 ratio.
983 4088 985 4094 .
1003 4044 1040 4120 Si
1077 4033 1181 4120 cruor
1216 4065 1385 4144 generosa
