3252 5166
1229 363 1294 439 ¹77

193 471 331 533 tantum
356 455 480 532 diebus
504 483 609 557 parce
633 455 824 553 stillantia,
853 455 1109 532 criminandam
1140 453 1299 532 erederet

93 603 97 612 ·
189 601 340 647 causam.
365 571 508 672 Absque
531 573 616 648 artic
640 571 798 646 medicae
821 573 1026 671 adjumento
1057 575 1297 648 conticescunt

69 727 76 740 ·
189 689 270 762 illae
295 687 440 782 turbae3
463 700 518 758 ast
533 687 662 760 iterum
679 688 849 784 redeunt,
864 701 901 762 et
916 687 1060 786 quidem
1076 685 1298 762 vehementia

187 809 323 908 majori.
348 806 414 878 Die
445 801 498 877 15.
524 802 570 877 ad
599 829 664 878 nos
699 801 1298 906 deleta,praeterl1aemoptyxin,

188 924 327 998 dolores
353 920 508 994 uterinos
532 925 630 1020 juxta
654 919 841 1018 ligamenta
866 919 937 994 lata
954 919 1163 1016 diradiatos,
1185 919 1298 995 leves·

189 1066 259 1141 que
284 1053 424 1112 artuum
455 1050 624 1112 utmores
655 1036 879 1114 convulsivus
910 1051 1061 1114 accusat
1091 1035 1215 1113 Utitur
1238 1039 1299 1114 de·

188 1157 297 1230 coctis
323 1151 611 1249 emollientibus,
633 1167 670 1226 et
694 1152 836 1228 emulsis
853 1153 1013 1252 uitiatis,
1028 1153 1157 1256 quibua
1172 1153 1300 1232 humo-

188 1298 270 1346 rum
295 1295 495 1371 orgaemum
535 1283 752 1370 temperare,
792 1285 830 1346 et
870 1273 1112 1347 incitationem
1152 1273 1299 1350 vitalem

189 1397 284 1493 justo
319 1391 429 1490 magis
466 1390 648 1465 incitatam
685 1415 899 1492 componere
928 1391 1048 1468 adnixi
1076 1417 1208 1468 sumna.
1230 1393 1298 1468 Die

195 1511 248 1586 16.
272 1510 446 1585 minorem
469 1508 590 1610 expuit
614 1509 748 1582 cruoris
778 1509 941 1610 copiam,
969 1505 1195 1586 efflorescunt
1220 1535 1297 1584 ma·

189 1627 289 1702 culae
313 1625 440 1701 rubrae
465 1626 503 1698 in
527 1637 628 1720 cute,
653 1649 694 1698 ac
719 1625 750 1700 si
774 1625 885 1701 mittio
919 1625 1015 1727 picta
1052 1623 1164 1722 toret,
1195 1623 1297 1702 brevi

188 1761 307 1821 tamen
330 1743 530 1821 fatiscentes
546 1748 559 1836 (
574 1743 710 1818 roseola
725 1748 759 1842 >3
774 1757 883 1819 noctu
898 1742 1112 1846 pmefhcarn
1131 1747 1298 1819 mutas

188 1887 328 1962 aegram
352 1859 573 1960 adgreditur,
596 1873 678 1961 post
701 1858 810 1936 borae
834 1861 989 1962 spatium
1018 1861 1191 1964 copiosis,
1220 1859 1297 1934 lim·

138 2063 140 2074 .
188 1979 447 2082 pidiscimisque
470 1977 580 2052 urinis
604 1975 729 2052 solnta.
753 1977 819 2052 Die
847 2002 900 2080 ¹7·
916 1977 1156 2080 haemoptysia
1178 1979 1294 2054 inten-

190 2098 306 2194 ditur,
328 2094 482 2170 interdiu
506 2093 692 2196 cephalaea
716 2095 916 2196 gravatim,
931 2107 968 2170 et
983 2096 1132 2170 micatus
1153 2093 1296 2169 tremuli

189 2231 331 2290 artuum
354 2213 579 2310 inferiorum,
603 2215 740 2314 vesperi
765 2238 905 2313 eegr-am
929 2213 1081 2288 vidimus
1106 2227 1297 2315 mnteper

189 2337 276 2406 vices
299 2343 449 2406 emomm
458 2375 474 2419 ,
508 2341 543 2402 et
574 2327 692 2404 altena
727 2335 978 2405 mutuantem.
1014 2329 1080 2406 Die
1109 2331 1163 2406 18.
1193 2328 1296 2416 dolor
1404 2396 1407 2404 .

188 2451 312 2550 capitis
337 2447 580 2542 acutissimus3
604 2445 752 2547 suspirie
777 2445 898 2522 crebra
915 2477 926 2544 3
945 2445 1132 2548 palpitatio
1156 2445 1296 2537 cardin·

188 2573 338 2644 εοιπιίηα
362 2571 513 2656 venum
536 2565 659 2638 urinae
685 2591 859 2666 aquosae,
883 2563 1111 2640 abundantes.
1126 2563 1295 2641 Pulverea

189 2685 430 2786 camphorati,
453 2681 610 2758 infinum
635 2679 912 2778 Chamomillac,
935 2696 972 2757 et
992 2680 1139 2756 emulsio
1162 2681 1293 2756 nitrata

187 2803 388 2876 alternatim
410 2799 653 2902 propinantur.
679 2800 745 2888 Die
786 2824 839 2899 ¹9·
874 2813 1047 2874 nocturna
1084 2799 1293 2901 apopnixis3

184 2921 403 3020 pleurodyne
419 2919 580 3010 dextra,-
603 2917 743 2993 nullum
766 2933 912 3020 sputum
948 2932 1156 3015 cruentnm3
1189 2916 1296 2994 ardor
1404 2905 1410 2916 ⁸

188 3039 228 3110 in
252 3035 450 3112 visceribus.
475 3037 541 3111 Die
573 3062 631 3110 20.
660 3036 987 3112 vehementissimus
1020 3035 1176 3112 acrama
1207 3059 1294 3110 οοη·

188 3155 339 3229 venicus
363 3180 502 3255 aegram
524 3155 743 3257 inauspicato
766 3156 922 3252 urrant,
947 3169 986 3230 ut
1009 3177 1125 3258 neque
1155 3151 1294 3230 duobus

188 3274 386 3349 infirmariis
410 3287 571 3375 quassata
588 3273 746 3349 membra
763 3275 917 3350 cotrceri
931 3273 1148 3374 potuissent,
1163 3273 1293 3348 comite

191 3393 320 3466 mentis
333 3383 508 3466 amotione
525 3395 745 3494 temporaria.
761 3393 849 3468 Post
864 3391 1022 3468 medium
1037 3391 1148 3468 horae
1164 3405 1294 3468 cuncta

188 3533 372 3584 evanuere.
398 3508 597 3610 Camphora
615 3535 697 3588 curn
713 3507 859 3584 floribus
885 3511 1005 3606 Zinci,
1021 3523 1127 3610 atque
1142 3509 1308 3612 mixtura·

187 3625 482 3728 antispusmodica
507 3651 551 3702 ex
585 3652 676 3729 aqna
713 3626 987 3724 Chamomillae,
1011 3628 1137 3727 spiritu
1174 3626 1295 3702 Cornu

188 3745 313 3841 Cervi,
337 3760 373 3818 et
396 3743 551 3846 pauxillo
575 3747 720 3820 extracti
744 3747 961 3848 Hyoscyami
975 3771 1042 3849 pro
1063 3745 1295 3822 medicamine

187 3863 285 3937 suere
309 3863 447 3938 selecta.
470 3864 537 3937 Die
564 3887 621 3938 21.
646 3863 828 3966 apopnixis
853 3877 960 3940 noctu
990 3863 1118 3965 septies
1142 3859 1295 3959 redibat,

187 3995 341 4056 restante
365 3981 435 4056 levi
458 3978 672 4082 scelotyrbe,
697 3997 734 4056 et
762 4007 901 4056 summa
935 3979 1177 4055 membrorum
1199 3977 1295 4054 laasi-

187 4100 332 4197 tudine,
354 4099 487 4202 pupula
522 4099 615 4175 ultra
652 4124 787 4176 morem
822 4097 964 4195 hiabat,
997 4097 1108 4170 urinis
1140 4093 1295 4171 unbertim

185 4217 383 4292 fluentibus.
409 4219 474 4293 Die
503 4245 558 4292 22.
575 4215 762 4321 cephalam
778 4215 901 4292 werbe
916 4247 930 4308 ,-
946 4216 1036 4290 ten
1051 4213 1273 4289 intolerantia
1278 4245 1294 4304 ,-

186 4335 261 4408 sitia
285 4335 509 4433 insatiabilis3
524 4335 765 4438 pleurodynia.
783 4333 979 4430 Remediis,
995 4345 1036 4406 ut
1052 4356 1176 4433 supra,
1190 4355 1292 4432 prae-

186 4452 326 4551 scriptis
350 4453 551 4556 adjungitur
579 4453 725 4528 haustus
750 4453 919 4558 Opiatus,
951 4463 1058 4560 atque
1084 4445 1161 4547 ¹duo
1180 4447 1291 4556 ,abta-

235 4567 423 4643 Hrnnnuan.
448 4569 545 4646 Anu.
571 4567 662 4650 Otia.
688 4567 721 4643 I.
818 4571 821 4578 ’
984 4577 987 4585 '
1048 4589 1093 4640 12
