3148 5170
1161 357 1234 458 '293

18 525 20 562 ἶ
121 477 264 575 sarem,
287 503 329 554 ac
352 479 382 554 si
408 491 482 558 arte
506 479 634 582 injecta
661 477 828 578 luissent5
852 477 919 554 seri
952 475 1088 582 limpidi
1114 475 1264 584 copia,'

118 592 255 672 libram
296 595 617 698 pharmaceuticum
659 597 760 672 facile
796 621 991 699 superans,
1030 594 1159 697 partim
1198 593 1238 666 iu

119 711 333 787 ventriculis
358 711 515 810 cerebri,
540 715 670 815 partim
707 713 753 788 ad
785 710 887 792 basin
924 710 1056 805 cranii,
1079 721 1154 784 tota
1178 731 1238 782 su·

119 833 287 931 perficies
312 832 567 908 arachnoidcae
591 833 785 934 gelatincsc
801 833 950 908 hutnore
979 831 1141 908 obducta.
1165 829 1238 903 Ad·

122 949 312 1024 haesiones
346 950 440 1025 inter
476 948 662 1053 pulmones
704 965 741 1026 et
781 950 964 1054 plenram3
1004 943 1240 1051 pericariiium

98 1086 263 1172 'aquoso
287 1067 391 1142 latice
414 1082 573 1166 scateam
597 1069 806 1171 posteriores
830 1069 1042 1172 pulmonum
1065 1065 1139 1143 lobi
1163 1081 1241 1142 atro
1268 1081 1270 1088 '

123 1205 255 1260 cruore
279 1185 399 1288 pleni,
423 1189 511 1290 quin
536 1202 654 1263 tamen
679 1211 865 1290 compages
882 1187 987 1262 fuerit
1002 1186 1134 1261 vitiata.
1150 1185 1241 1260 Lien
1272 1207 1275 1215 ’

124 1329 276 1376 enorme
301 1319 413 1379 totam
438 1303 636 1380 abdominis
652 1305 792 1408 plagam
809 1303 1005 1401 sinistram,
1022 1331 1042 1380 a
1059 1299 1241 1406 diaphragss
1272 1327 1274 1332 ’

18 1433 24 1504 i
124 1432 226 1494 mate
251 1446 361 1522 usque
380 1420 426 1496 ad
443 1423 585 1497 cristam
610 1424 697 1498 ossis
714 1421 793 1520 ilci,
818 1437 854 1498 et
878 1437 1078 1497 antrursum
1103 1419 1149 1496 ad
1165 1447 1242 1496 urn-

18 1557 19 1564 ’
124 1537 302 1636 bilicum,
331 1542 538 1642 occupavit,
562 1539 728 1642 ponderis
769 1565 837 1616 110
874 1541 1080 1636 unciarum,
1113 1537 1240 1615 coloris

20 1675 23 1684 ·
124 1657 550 1758 grisec·ccerulescerrtie3
573 1685 655 1762 pars
692 1641 977 1763 perenchymatis
1013 1659 1052 1732 iri
1088 1675 1240 1734 massam

126 1771 313 1873 fracidam,
337 1775 574 1875 atrombram,
598 1777 730 1880 absque
755 1776 829 1853 ullo
853 1779 950 1880 puris
975 1776 1138 1877 vestigio,
1158 1797 1241 1848 can·

125 1917 253 1990 versa3
278 1895 420 1998 capsula
444 1895 575 1999 splenis
600 1895 867 1972 membranacea
898 1893 1058 1999 pluribus
1087 1897 1126 1968 in
1151 1893 1237 1969 locis

127 2012 362 2112 cartilaginea.
387 2013 507 2116 Hepar
539 2015 671 2116 pariter
704 2027 968 2111 monstrosum,
1011 2014 1079 2086 108
1114 2011 1234 2085 uncias

127 2129 370 2231 ponderabat,
394 2145 552 2208 texturae
577 2145 613 2208 et
637 2133 882 2214 consistentiae
898 2156 1041 2236 prorsus
1058 2131 1238 2214 aromatis.

129 2248 299 2324 Intestina
326 2265 505 2328 contracta
528 2265 567 2329 et
590 2275 801 2356 compressa.

601 2509 773 2564 monim·

178 2722 408 2827 Apoplexiam
432 2737 751 2800 emente-ueroeam
781 2723 904 2800 mortis
939 2739 1082 2798 musam
1115 2727 1234 2826 proxi*

128 2839 378 2936 meminisse,
419 2865 439 2913 e
475 2839 801 2946 spmptomatibus,
834 2837 950 2914 morbi
992 2839 1169 2938 decursu,
1199 2856 1235 2916 et

129 2957 282 3029 scetiorre
307 2955 486 3032 cadaveris
511 2955 614 3030 facile
637 2955 852 3058 intelligitur.
877 2958 966 3060 Ejus
991 2969 1111 3031 ortum
1141 2955 1239 3033 esu·

129 3089 226 3150 nesta
257 3073 473 3178 erysipelatis
507 3073 740 3150 metachoresi
776 3075 1037 3177 explicavimus.
1062 3075 1234 3149 Processu

129 3196 294 3268 ninrirum
320 3193 592 3270 inflammatoris
616 3191 784 3269 dermatis
808 3195 846 3268 in
871 3195 925 3267 sai
950 3189 1153 3270 evolutione
1179 3217 1234 3265 re·
1274 3197 1278 3208 ’

130 3311 238 3413 gulari
261 3311 487 3413 praepedito,
510 3313 660 3388 vicariae
696 3325 732 3388 et
769 3311 936 3412 analogae
970 3311 1164 3384 reactiones
1198 3311 1237 3384 in

129 3429 368 3530 menirrgibus‚
392 3445 429 3505 et
452 3431 634 3533 speciatim
650 3432 688 3504 in
705 3429 939 3505 arachnoidea
955 3426 1100 3503 obortae
1123 3425 1237 3524 suere,

130 3546 255 3648 quibus
279 3549 463 3622 incitatum
487 3574 616 3623 munus
643 3549 807 3625 rasorum
827 3545 1066 3621 exhalantium
1083 3570 1236 3620 ueroeam

130 3665 245 3738 effecit
284 3663 541 3766 hypoclepsin,
582 3691 648 3740 ceu
689 3665 907 3742 ordinarium
948 3661 1236 3764 orrhymenititlis

130 3781 268 3854 exitum.
294 3780 527 3881 Concepimus
552 3782 671 3883 itaque
700 3781 816 3856 ideam
845 3779 890 3855 de
913 3774 1143 3877 Meningrude
1163 3795 1234 3854 nae-
1277 3791 1281 3797 '

130 3905 306 3991 mantica,
330 3925 392 3974 seu
417 3901 533 4002 aptius
557 3897 845 3993 machomum,
870 3911 907 3972 et
926 3899 1133 3974 secundario
1153 3897 1235 4000 Hy·
1318 3969 1321 3976 ,

128 4017 353 4123 doemephalo
369 4035 486 4096 acuto.
504 4021 720 4097 Remotiorcs
737 4045 858 4096 causas
875 4017 1043 4094 decursus
1059 4017 1235 4115 anomali,

130 4155 230 4242 atque
270 4141 433 4216 colluviei
473 4167 611 4244 semeae
652 4141 741 4218 adeo
780 4139 1053 4243 praecipitanter
1087 4139 1233 4216 obortae

129 4257 356 4358 indagatum,
379 4259 620 4336 adlectionem
644 4261 797 4362 effugere
819 4261 978 4361 nequivit
999 4285 1111 4361 prava
1134 4285 1233 4360 orgus

129 4377 226 4450 nismi
251 4403 271 4451 a
297 4379 415 4455 multis
449 4379 551 4454 malis
586 4383 759 4484 perpessis
794 4379 971 4478 conditio,
1005 4394 1041 4456 et
1065 4366 1229 4486 ingentia

130 4493 182 4569 illa
206 4496 378 4574 viscerum
414 4513 673 4602 parectamata,
709 4497 837 4604 quibus
873 4497 1037 4576 omuibus
1073 4489 1228 4604 systerua
