3252 5166
318 363 386 462 ιφ

310 479 398 557 lucis
422 481 667 585 impatientia,
691 483 780 559 risio
803 509 887 557 eum
911 485 949 558 in
973 481 1120 560 modum
1144 481 1264 582 laesa,
1288 499 1329 560 ut
1353 503 1421 560 ne·

224 635 228 642 ·
308 625 379 701 que
403 597 541 703 objecta
563 602 728 698 minuta,
752 625 867 702 neque
897 599 1057 678 colorum
1091 602 1303 700 varietates,
1336 603 1424 679 albo

308 729 346 790 et
369 717 469 817 nigro
493 718 668 819 exceptis,
691 716 903 818 distinguere
919 719 1110 820 potuisset,
1124 716 1273 819 languor
1288 721 1422 798 virium

308 834 538 934 universalis,
561 834 763 938 adiaphoris
795 848 956 934 moesta,
989 849 1167 913 castarum
1202 835 1256 912 nil
1286 837 1419 915 abnor-

309 955 405 1052 mis,
427 995 478 1030 ·.-
502 977 547 1028 sn
571 955 687 1054 imago
719 949 857 1050 morbi,
891 979 998 1055 qnam
1034 977 1158 1054 aeger,
1181 951 1240 1032 (lie
1266 953 1420 1032 26.1‹“e·

309 1067 440 1147 bruarii
456 1071 495 1144 in
511 1069 675 1145 Scholam
699 1069 1048 1172 medimprauimm
1064 1083 1266 1172 susceptus,
1281 1070 1423 1147 obtulit.

310 1188 405 1264 Cura
428 1185 644 1262 mercurialis
669 1185 936 1286 efficacissima,
959 1187 1099 1264 interno
1125 1213 1191 1264 usu
1222 1186 1423 1264 Calomsla-

310 1329 403 1402 nos,
426 1317 462 1380 et
485 1303 704 1386 frictionibus
729 1330 812 1386 cum
845 1319 1026 1408 unguento
1058 1294 1291 1406 Neapolitano
1323 1311 1425 1408 juxta

310 1420 483 1496 ambitum
508 1417 642 1495 orbitae
666 1420 849 1522 perfecta,
872 1435 978 1522 atque
1002 1421 1223 1502 intermixtae
1247 1421 1331 1524 Opii
1344 1423 1423 1498 'do-

310 1559 367 1611 ses
390 1537 627 1638 generosiores
644 1531 809 1612 dolorum
826 1537 1008 1612 saevitiem
1023 1535 1124 1612 brevi
1140 1536 1426 1638 complacamnt,

309 1660 493 1761 ipsumque
526 1653 623 1739 luem
660 1654 822 1730 celticam
845 1652 1097 1754 crubuerunt,
1126 1669 1163 1730 at
1197 1655 1423 1734 secundarios

201 1857 207 1868 ,
310 1774 481 1873 effectu,
504 1797 594 1878 quos
617 1771 843 1880 hypoclepsis
866 1771 1250 1880 lymphatico-plastica
1283 1776 1323 1850 in
1355 1803 1424 1880 po·

309 1891 446 1970 sterion
471 1887 564 1968 oculi
589 1913 727 1966 camera
762 1891 955 2000 produxit,
989 1891 1157 1995 dissipare
1193 1919 1267 1974 non
1301 1895 1423 1974 value-

310 2022 403 2087 runt
428 2009 622 2112 Postquam
647 2012 761 2092 omtris
786 2010 988 2090 imitationis
1005 2010 1130 2086 umbra
1146 2010 1314 2114 dissipata
1338 2013 1427 2113 fuit,

310 2155 377 2204 acu
400 2127 439 2202 in
464 2153 629 2208 corneam
654 2127 810 2204 immissa
841 2127 1079 2209 monitantem
1107 2127 1420 2234 pseudomsmbra·

313 2271 398 2324 nam
433 2244 631 2346 divellere,
667 2261 704 2322 ct
739 2245 946 2350 synsobiam
987 2251 1218 2353 posteriorem
1250 2275 1424 2355 'superare

313 2361 440 2444 tunna
465 2364 606 2438 tentavi
632 2361 809 2442 Ultimum
834 2363 979 2442 tandem
1003 2365 1183 2468 amplexus
1211 2367 1422 2470 consilinm,

313 2479 411 2556 iridis
446 2479 638 2582 marginem
673 2479 880 2562 exteriorem
918 2507 938 2556 a
973 2485 1044 2559 suia
1078 2483 1211 2560 solvere
1244 2485 1426 2568 vinculis,

313 2623 515 2704 novamque
540 2597 748 2698 fenestram,
763 2627 834 2706 qua
858 2601 947 2677 radii
972 2599 1107 2678 luoilbri
1123 2602 1313 2706 penetralia
1329 2601 1426 2680 oculi

318 2718 436 2796 subire
476 2717 638 2819 possint,
672 2743 798 2820 parare
832 2715 982 2803 decrevi,
1020 2721 1136 2822 Soopo
1171 2721 1428 2824 Inuodiotysin

314 2836 519 2942 perficiendi
544 2861 648 2912 acum
671 2863 817 2916 curvam
840 2837 878 2912 in
903 2839 1056 2914 anticam
1080 2837 1205 2942 impuli
1231 2865 1407 2922 cameram

315 2955 380 3036 sed
403 2955 571 3035 maximas
595 2953 633 3029 in
657 2953 850 3056 separanda
874 2955 963 3038 iride
991 2953 1260 3054 flaccidissima,
1285 2969 1321 3032 et
1344 2982 1427 3058 pro-

315 3069 509 3180 pemodum
543 3085 702 3148 emortua
736 3069 958 3151 difficultates
992 3073 1139 3171 inveni,
1174 3074 1311 3156 tristem
1343 3071 1426 3148 iude

319 3192 519 3294 concipiens
544 3191 656 3272 exitus
681 3213 791 3292 spem.
814 3189 864 3264 Et
887 3188 1073 3292 prolecto,
1096 3189 1179 3268 licet
1208 3188 1343 3292 pupula
1369 3215 1431 3269 ar·

319 3307 447 3382 teiaota
479 3333 553 3383 non
588 3307 785 3406 coaluerit,
818 3307 1051 3391 desideratam
1085 3308 1202 3392 lucem
1237 3311 1428 3396 immittere

317 3422 484 3504 vetabant
506 3423 680 3536 protunda
705 3439 742 3500 et
764 3426 1010 3528 insuperabilia
1035 3423 1209 3528 repagula.

369 3542 561 3648 Apostenro
579 3542 743 3639 faricium
755 3599 765 3641 ,
788 3545 882 3618 inter
904 3545 1080 3646 posticum
1104 3543 1295 3654 pharyngis
1319 3543 1430 3646 parie-

319 3675 453 3736 temet
479 3661 654 3736 vertebras
679 3661 865 3739 cervioales
890 3663 1104 3740 clandestina
1127 3663 1329 3760 evolutum,
1343 3689 1428 3765 pau·

321 3803 443 3854 corum
468 3777 606 3854 dierum
638 3779 824 3856 intervallo
859 3807 938 3856 eam
967 3783 1005 3858 in
1031 3782 1162 3858 molem
1187 3781 1366 3877 excrevit,
1388 3795 1430 3856 ut

320 3925 426 3976 omne
451 3897 523 3974 iere
547 3899 739 4002 expleverit
771 3927 899 3978 oarum
934 3899 1117 4002 faunum,
1150 3903 1318 4003 omnique
1351 3927 1429 3976 mo-

321 4035 442 4096 mento
465 4017 730 4096 suffocationem
755 4021 956 4097 minaretur.
989 4021 1090 4098 Collo
1125 4033 1270 4096 externo
1304 4019 1429 4094 adtan-

323 4138 394 4212 tius
419 4137 615 4216 examinato
640 4137 755 4239 patuit
778 4140 1044 4214 intumescentia
1070 4135 1289 4220 molliuscula
1305 4151 1344 4212 st
1367 4135 1432 4214 ob·

323 4279 424 4329 roure
450 4253 623 4330 fluctuans
648 4255 739 4330 inter
762 4256 940 4332 musculos
964 4256 1122 4333 scalenos
1146 4255 1264 4332 lateris
1286 4256 1435 4352 sinistri,

325 4399 432 4472 quam
457 4372 533 4450 sine
557 4399 655 4449 mora
680 4373 796 4477 lapide
821 4375 977 4450 caustico
1001 4374 1102 4450 aduri
1129 4375 1322 4476 jussimus,
1356 4370 1434 4446 nul·

327 4487 399 4564 lam
424 4488 528 4568 aliam
553 4519 657 4597 opem
682 4517 785 4596 aegro
801 4491 1061 4599 supersuturam
1077 4493 1335 4591 emanantes,
1351 4517 1433 4568 nam
