3264 5194
1244 356 1330 436 '125

218 487 313 558 minc
337 483 482 588 plenam
504 475 610 566 ‚nobie
634 475 790 574 reddunt
824 485 1003 554 aestatem
1027 475 1236 581 multiplicia
1272 479 1332 553 illa

219 601 362 680 ellluvia
385 601 710 705 mephitica,'quae
735 595 780 670 ab
798 599 983 699 oryzan'is,
1000 611 1045 686 net
1072 602 1208 692 stativis
1233 601 1334 701 aquis

219 737 434 796 eructantur.
459 720 580 812 Quare
603 715 775 812 malacia,
799 715 952 811 fervore,
968 729 1005 792 et
1020 717 1177 791 siccitate
1201 711 1334 796 diutius

218 839 507 943 persistentibus,
531 861 671 938 semper
695 833 1008 909 desideratissimae
1030 835 1132 911 nobis
1153 852 1237 912 sunt
1253 837 1345 939 plna.

196 957 318 1054 riae,
342 983 434 1060 quae
457 957 616 1029 sitientes
641 951 769 1027 herbas
793 953 978 1051 reficiunt,
1002 968 1201 1056 stagnantes
1220 971 1256 1030 et
1270 982 1335 1060 pui

220 1075 312 1149 tidas
329 1101 437 1178 aquas
454 1073 611 1169 diluunt,
629 1071 785 1173 palustre
803 1097 954 1146 coenum
978 1071 1202 1175 abstergunt,
1218 1085 1336 1150 aerem

220 1192 451 1294 caliginosum
467 1192 664 1293 depurant,
682 1203 819 1264 aestum
837 1203 1056 1291 temperent,
1078 1191 1211 1293 talique
1227 1193 1336 1270 modo

220 1311 407 1386 leontinum
430 1308 627 1386 valetudini
651 1307 882 1409 opitulantur.
908 1309 1000 1382 Cum
1024 1311 1100 1411 pari
1123 1311 1233 1385 ferme
1249 1323 1336 1386 tem·

219 1456 306 1532 pore
331 1428 503 1504 cannabis
526 1442 563 1502 et
586 1426 704 1506 lissum
728 1425 901 1504 macerari
925 1425 1083 1526 soleant,
1106 1443 1144 1502 et
1166 1427 1235 1503 hoc
1252 1453 1338 1529 pen·

219 1575 301 1626 sum
325 1547 464 1621 leminis
489 1545 678 1648 praecipue
701 1541 905 1641 incumbat,
928 1543 1069 1618 illerum
1100 1570 1173 1620 non
1202 1571 1336 1648 paucae

220 1652 467 1766 hujuscemodi
493 1659 625 1736 sordidi
649 1660 836 1733 ministerii
861 1686 965 1735 causa
990 1677 1093 1736 acute
1119 1663 1338 1762 febricitant,

190 1791 193 1804 '
221 1795 259 1856 et
282 1781 449 1854 citissime
473 1777 683 1853 moriuntur.
708 1777 874 1852 Profecto
902 1802 1087 1880 nunquam
1116 1781 1246 1880 magis,
1270 1805 1337 1856 nee

221 1901 299 1974 sine
323 1901 459 1973 ratione
484 1895 640 1971 urbanae
665 1895 760 1995 genti
784 1909 948 1997 suspecta
964 1911 1019 1971 est
1036 1899 1237 1994 rusticatio,
1254 1923 1338 1972 cum

222 2045 346 2094 omnes
370 2017 476 2094 villae
500 2018 538 2091 in
564 2015 634 2092 uda
658 2014 805 2117 planitie
830 2016 917 2090 sitae
944 2029 1073 2091 tetram
1101 2020 1237 2119 spirent
1259 2045 1337 2092 me·

221 2136 418 2238 phitidem3
441 2161 550 2238 quare
575 2135 669 2210 cives
687 2133 946 2236 opulentiores,
961 2137 1126 2238 propriae
1149 2135 1338 2211 consulen-

220 2269 277 2346 tes
302 2254 427 2351 saluti,
452 2279 527 2329 non
560 2251 733 2326 feriantur
766 2265 957 2354 antequam
992 2279 1061 2328 uva
1100 2267 1341 2354 maturescat,

226 2387 353 2476 atque,
376 2371 444 2445 nisi
468 2373 508 2444 in
531 2371 689 2448 amoenis
713 2367 864 2444 collibus
889 2369 1139 2472 Ultrapadanie
1164 2373 1341 2471 autumni,

225 2505 262 2565 et
285 2489 484 2568 vindemiae
508 2489 660 2564 recreari
685 2488 822 2592 possint
845 2487 1000 2587 deliciis,
1024 2517 1105 2564 rure
1133 2491 1251 2592 potius
1275 2517 1339 2590 va·

224 2611 297 2684 cari
320 2609 533 2712 praeferunt.
557 2647 610 2670 u·-
632 2609 732 2682 lnter
755 2607 871 2682 fontes
906 2610 1044 2709 putoris
1078 2609 1222 2706 aestivi,
1256 2623 1339 2686 utut

224 2727 501 2828 circumscripti,
525 2739 562 2800 et
586 2723 799 2826 quibusdam
824 2739 963 2799 tantum
977 2725 1168 2800 individuis
1188 2727 1338 2825 infensi,

189 2871 191 2876 ·
224 2846 419 2947 despicatui
443 2869 518 2920 non
542 2856 597 2917 est
620 2841 784 2916 habenda
808 2841 1027 2943 bombycum
1044 2841 1203 2942 culture,
1223 2841 1340 2920 solent

225 2964 322 3035 enim
345 2987 492 3058 eruces,
515 2959 660 3064 prande
684 2961 813 3036 vivunt
836 2975 873 3034 et
898 2963 989 3034 Mori
1015 2961 1107 3064 loliis
1131 2975 1341 3064 pascuntur,

226 3105 418 3181 earumque
452 3091 697 3176 excrementa,
731 3079 762 3152 si
795 3104 861 3180 per
889 3077 1008 3182 plures
1044 3069 1120 3155 dies
1151 3081 1342 3158 acervatim

225 3199 263 3270 in
286 3195 405 3300 aliquo
429 3193 509 3272 loco
533 3195 778 3294 recludantur,
794 3209 869 3270 tam
893 3223 1038 3297 gravem
1064 3197 1211 3273 odorem
1236 3197 1341 3272 exba-

225 3313 318 3412 lare,
343 3327 384 3388 ut
408 3327 522 3388 totum
545 3313 714 3387 viciniam
738 3313 907 3388 inficiant
930 3357 982 3372 -
1010 3315 1141 3390 Febres
1165 3316 1341 3389 intermit-

226 3445 340 3505 tentes
364 3429 603 3532 perniciosae,
632 3427 808 3526 larvatae,
844 3443 896 3530 et
918 3431 1125 3528 concitatae,
1145 3429 1343 3533 lippiae,

226 3549 447 3647 sudatorias,
481 3549 671 3646 emeticae,
706 3561 926 3646 comatosac,
960 3549 1191 3651 syracopales,
1225 3549 1340 3624 sebres

225 3672 413 3772 gastrioae,
438 3683 474 3744 et
497 3668 643 3744 biliosae
667 3669 706 3746 in
729 3695 940 3767 nervosum,
965 3683 1028 3743 aut
1051 3670 1234 3770 putridum
1260 3669 1342 3744 clea-

225 3803 398 3862 raoterem
422 3785 523 3861 facile
548 3785 737 3883 abeuntes,
763 3785 991 3883 diarrhoeee,
1005 3785 1185 3883 cholerae,
1213 3787 1343 3889 dysen-

226 3906 354 4003 teriae,
369 3905 635 3979 consuetissima
645 3917 729 3978 sont
744 3905 837 3978 inter
848 3919 1021 3979 nostrates
1044 3905 1212 4005 agricolas
1228 3905 1342 4004 melu,

225 4025 428 4126 multosque
452 4024 648 4098 demittunt
671 4023 718 4097 ad
738 4023 892 4098 umbras.

275 4141 464 4238 Molestiis,
488 4167 578 4241 quae
604 4139 686 4214 licet
710 4139 810 4215 nullo
834 4143 1010 4242 stipentur
1034 4139 1212 4242 periculo,
1238 4143 1341 4218 aesti-

144 4294 151 4312 »
226 4289 289 4336 vos
314 4275 434 4336 tamen
458 4259 533 4334 dies
566 4285 734 4362 persaepe
763 4259 1001 4337 intolerabiles
1026 4261 1200 4357 reddunt,
1225 4263 1341 4338 adnu-

225 4381 353 4453 merari
388 4378 525 4460 adbuc,
545 4376 677 4452 debent
708 4383 933 4478 pampinosa
969 4391 1172 4476 commta,
1212 4379 1342 4481 quibus

227 4499 380 4572 maxime
407 4495 586 4597 advenae,
620 4495 753 4571 climati
789 4496 947 4575 calidiori
982 4495 1143 4576 noudum
1178 4495 1342 4599 adsueti,
