3264 5194
317 365 367 439 9⁰

315 457 511 561 palustres,
536 487 657 536 cuntes
684 463 951 542 inmoderatae
976 461 1033 539 rel
1063 462 1136 537 sale
1167 459 1355 556 conditas,
1377 458 1430 534 le-

316 581 481 676 gumina,
505 581 663 679 milium,
697 598 899 677 castaneas,
939 597 1064 683 potum
1105 606 1217 682 aquae
1245 581 1432 679 impurae,

316 695 468 792 nivalis,
492 711 529 772 et
552 699 698 798 similia,
723 703 850 802 quibus
875 703 1011 776 cunctis
1035 725 1099 774 sua
1123 701 1161 772 in
1192 695 1432 800 progignendo

315 813 417 888 lienis
443 817 593 890 inlarctu
627 824 701 920 jura
733 820 877 920 quidem
907 821 1081 919 denegare
1112 815 1300 911 nolumus,
1332 813 1430 887 sulli-

317 933 470 1006 cientem
494 962 579 1010 vero
604 939 642 1010 in
666 937 760 1012 malo
785 938 946 1039 populari
964 936 1116 1011 fovendo
1138 945 1349 1036 potestatem
1373 932 1428 1003 in-

318 1075 393 1122 esse
418 1077 540 1151 posse,
565 1079 638 1128 nou
662 1056 738 1128 sins
763 1057 898 1130 ratione
923 1055 1137 1129 dubitamus.
1161 1093 1213 1108 -·-
1236 1049 1362 1150 Agitur
1385 1048 1431 1123 dc

317 1169 405 1241 vitio
429 1169 637 1268 ep‘ielroreo,
662 1171 757 1272 plebi
782 1174 908 1273 agresti
934 1189 969 1246 ct
993 1172 1225 1274 paupertinas
1249 1165 1345 1270 apud
1366 1192 1431 1240 nos

317 1286 470 1358 maxims
495 1283 677 1383 familiari,
701 1292 738 1362 in
764 1289 839 1362 aliis
865 1306 988 1364 contra
1013 1289 1213 1390 regionibus
1238 1285 1310 1360 lere
1333 1286 1433 1358 inau-

318 1401 413 1495 dito,
437 1407 598 1502 quamvis
629 1421 666 1480 et
700 1406 762 1480 ubi
798 1403 881 1507 gens
917 1409 1107 1483 annonaria
1146 1405 1298 1508 pessimo
1332 1404 1430 1476 victu

319 1523 445 1594 nutriri
471 1521 601 1620 oleat,
624 1563 676 1582 -—·
700 1526 814 1624 agitur
837 1525 883 1599 de
898 1527 1006 1622 vitio,
1025 1525 1122 1626 quod
1145 1523 1304 1596 autumni
1329 1519 1432 1594 sobo-

318 1640 391 1714 lem
416 1667 519 1738 cssc,
559 1669 666 1717 nemo
707 1645 928 1720 modicorum
969 1648 1115 1747 ignorat.
1142 1641 1433 1736 Quamobrem

318 1759 502 1860 prophanis
538 1764 685 1862 genitrix
709 1767 817 1838 satius
849 1767 887 1839 in
921 1765 1063 1840 climate
1098 1779 1134 1838 st
1168 1753 1432 1864 atmosplraerae

318 1893 434 1976 statu,
458 1908 566 1982 quam
590 1884 628 1956 in
652 1884 853 1958 domesticis
877 1887 991 1959 causis
1016 1885 1234 1986 inquirenda.

369 2000 629 2102 Antiquissimis
655 2009 797 2106 jamjam
822 2006 976 2080 innotuit
1005 2003 1249 2106 temporibus,
1279 2013 1430 2076 testante

320 2119 543 2194 llrrrocnare
579 2137 615 2196 ct
644 2125 857 2198 merassas
893 2127 1119 2222 Turrinus,
1153 2123 1312 2221 regiones
1343 2119 1430 2194 udas

320 2249 427 2336 atque
451 2237 637 2337 paludosae
664 2241 860 2314 tumoribus
886 2242 986 2316 lisois
1002 2243 1134 2316 mirum
1155 2241 1193 2314 in
1210 2238 1356 2314 modum
1372 2263 1434 2338 pa·

306 2355 496 2429 trocinari.
521 2398 572 2411 -
596 2357 843 2432 Brnruomnus
861 2359 1081 2461 frequentem
1097 2357 1236 2432 huncce
1252 2355 1432 2432 adiectum

321 2472 412 2546 vidit
440 2475 478 2546 in
512 2475 647 2572 Derris,
670 2479 750 2550 Vsu
775 2503 843 2551 oen
866 2480 1003 2552 Lruosu
1038 2480 1076 2552 in
1114 2479 1224 2552 Frisia
1253 2473 1435 2572 orientali,

321 2591 465 2664 Ponrsu
491 2592 528 2664 in
553 2593 733 2690 Pictaria3
768 2597 919 2668 Knansn
948 2597 986 2668 in
1020 2597 1183 2669 Bannatu
1213 2593 1437 2693 llungan‘ae3

322 2709 510 2784 cannen
536 2712 574 2784 in
598 2712 775 2786 Carolinia
799 2713 964 2809 australi,
988 2714 1132 2787 Fouenr'r
1158 2713 1197 2786 in
1223 2713 1317 2812 Agru
1334 2711 1434 2784 Man·

321 2841 455 2924 tuane,
479 2829 653 2927 Heusrrs,
678 2830 806 2933 aliique
830 2832 1106 2934 peregrinaturus
1127 2831 1166 2904 in
1192 2829 1296 2904 Novo
1322 2829 1435 2902 Aure·

321 2943 440 3042 liano,
464 2933 665 3024 ad'ostium
690 2947 844 3024 fluminis
882 2951 1086 3051 Missisippi,
1121 2950 1250 3023 Youne
1281 2949 1319 3020 in
1347 2946 1437 3020 Ben-

323 3062 400 3160 gala
431 3079 468 3138 et
497 3069 705 3166 praesertim
731 3073 828 3168 juxta
854 3067 1041 3166 uliginosus
1066 3067 1160 3167 ripas
1187 3067 1329 3164 Gangis
1351 3099 1370 3132 n
1398 3059 1439 3135 11

323 3217 341 3250 n
364 3185 453 3256 mule
477 3186 568 3258 della
598 3189 700 3260 nrilzu
711 3241 725 3277 ,
750 3203 870 3262 narrat
893 3190 1141 3282 Laussmrus,
1165 3183 1304 3288 affliggc
1333 3186 1437 3286 quusi

324 3341 342 3373 ,ι
366 3308 651 3381 ttniecrsalmcnte
676 3314 691 3381 ἱ
716 3307 860 3398 coleti,
878 3310 906 3381 il
920 3308 1026 3411 quale
1042 3333 1116 3380 non
1132 3307 1286 3380 renemlo
1307 3329 1377 3379 con
1387 3301 1440 3400 gt·

324 3459 342 3492 a
365 3430 558 3525 opportuni
579 3427 703 3530 n’rnedl⁶
726 3443 872 3518 curato,
888 3433 995 3529 quasi
1016 3451 1149 3527 semper
1172 3428 1205 3497 si
1226 3435 1385 3497 converte
1401 3424 1439 3492 r'n

325 3576 342 3610 n
366 3542 543 3641 idropisia.
569 3578 588 3610 n
618 3585 669 3600 --
694 3545 775 3646 Ipsa
812 3543 916 3618 bruta
954 3547 991 3618 in
1017 3545 1132 3618 uvidis
1163 3543 1273 3645 plagis
1299 3537 1439 3614 Insulas

324 3657 524 3732 Balearicae
548 3661 695 3735 minoris
720 3661 875 3763 splenica
900 3661 980 3735 labe
1005 3661 1129 3757 adfici,
1149 3665 1352 3736 Qucuonur
1377 3655 1440 3730 ob-

323 3778 580 3852 servationibus
607 3795 828 3882 compertum
844 3779 1026 3854 babemus.
1044 3779 1179 3852 Notum
1199 3778 1353 3878 denique
1370 3789 1440 3870 cst,

325 3892 507 3968 Selandias
538 3896 698 3995 incolas,
727 3897 856 3999 quibus
896 3897 998 3970 lienis
1040 3897 1210 3970 infarctus
1244 3892 1440 3969 admodum

328 4039 554 4111 communes,
577 4015 707 4090 laetam
740 4041 948 4117 recuperare
982 4013 1250 4109 valetudinem,
1287 4011 1439 4088 domin

323 4145 503 4206 montosas
529 4135 761 4234 commigrant
784 4135 964 4234 regiones,
988 4133 1176 4233 denuoque
1192 4133 1230 4204 in
1255 4129 1440 4232 pristinam

323 4249 434 4326 relabi
459 4251 611 4350 cladem,
635 4252 682 4326 ad
705 4252 794 4328 udos
819 4253 850 4326 si
879 4265 1107 4329 revertuntur
1137 4247 1282 4324 natales.
1308 4289 1359 4303 -
1384 4246 1441 4318 Eo

324 4371 431 4467 igitur
455 4395 520 4444 nos
544 4369 706 4470 perducit
722 4371 934 4472 experientia
948 4426 958 4467 ,
974 4368 1078 4444 clima
1095 4365 1303 4463 humidum,
1320 4375 1439 4438 aerem
1534 4377 1536 4382 '

325 4515 480 4564 crassum
506 4503 542 4563 et
566 4489 799 4590 nebulosum,
824 4506 930 4594 atque
955 4486 1159 4564 autumnale
1190 4489 1274 4562 anui
1298 4499 1441 4587 tempus
