3228 5166
679 337 682 346 ι
1245 289 1289 366 ι5

186 469 190 476 .
230 406 483 488 Nosoeomium
506 431 602 482 anno
627 406 699 501 460
724 406 877 485 Edessae
894 398 938 482 ab
960 408 1138 511 Episcopo
1162 406 1290 484 Nesso

177 525 392 623 conditum,
414 527 547 630 passim
570 551 636 627 pro
659 527 776 628 primo
807 527 1063 625 aegrotastium
1093 523 1194 630 asylo
1224 525 1292 600 ba·

177 641 339 721 bebatur.
375 644 528 745 Aratiqua
563 668 650 720 vero
683 641 925 745 pervolvendo
958 645 1126 718 historiae
1160 671 1291 720 monu-

177 775 320 858 menta,
336 759 482 842 sancito
507 787 590 836 casn
606 761 749 858 inveni,
772 767 844 864 jam
868 760 971 861 longe
995 761 1092 862 prius
1117 762 1291 862 ejusmod

177 878 481 982 philanthropieas
512 879 615 954 aedes
646 879 809 954 extitisse.
841 881 953 957 Divus
989 881 1292 977 Caarsosrouus,

178 996 328 1070 eximius
353 995 412 1071 ille
436 999 578 1074 uncus
611 997 820 1076 eluistiauae
843 1011 1053 1100 promotor,
1082 999 1123 1072 Α.
1149 993 1220 1100 397
1245 997 1293 1076 ab
1436 1051 1439 1060 Δ

177 1115 395 1215 Imperatore
419 1115 569 1192 Arcadio
592 1115 804 1218 Byzantium
823 1116 970 1211 accitus,
994 1129 1036 1190 ut
1058 1115 1293 1217 Episcopum

177 1231 301 1312 sedem
325 1247 535 1334 occuparet,
559 1235 710 1336 propriis
734 1233 909 1308 sumtibus
933 1231 1036 1334 plura
1059 1231 1195 1308 ibidem
1218 1258 1294 1308 ere·

177 1349 232 1432 uit
255 1363 292 1424 et
315 1347 405 1428 aluit
428 1349 691 1431 valetudinaria.
716 1351 798 1430 Puri
820 1351 929 1425 lerme
947 1365 1106 1454 tempore
1131 1351 1238 1426 etiam
1252 1351 1293 1426 in

177 1468 370 1569 Aegypto,
394 1483 431 1542 et
454 1469 636 1572 speciatim
667 1471 706 1546 in
735 1483 898 1550 montosa
928 1467 1065 1565 Nitria,
1095 1458 1158 1542 ubi
1186 1469 1293 1542 innu-

176 1586 268 1666 meri
291 1585 559 1684 Anachoretae,
583 1613 604 1662 a
628 1586 816 1662 bominum
839 1588 1006 1666 societate
1030 1585 1177 1684 divulsi,
1198 1586 1294 1662 inter

177 1706 345 1780 asceticae
375 1705 689 1806 contemplationes
721 1719 758 1780 et
788 1705 957 1782 fanaticos
987 1703 1162 1806 religionis
1195 1703 1293 1780 obri·

177 1825 312 1905 §tunae
336 1815 452 1902 nultus
476 1825 670 1900 solitariam
693 1823 868 1925 degebant
891 1825 1029 1922 vitam,
1058 1821 1292 1902 Xenodoebia

178 1957 338 2016 extructa
362 1943 489 2040 fuisse,
515 1969 536 2018 e
562 1945 620 2017 SS.
644 1945 790 2018 Petrum
816 1941 969 2017 lristcriis
989 1957 1211 2044 compertum
1231 1942 1294 2018 ba-

179 2059 315 2134 bemus.
332 2061 469 2136 Eorum
484 2059 655 2137 nonnulla
673 2059 974 2163 peregrinantibus
992 2072 1153 2162 optatum
1172 2059 1293 2162 bospi-

179 2179 301 2275 tium,
334 2178 402 2253 alia
432 2181 580 2254 infirmia
617 2193 654 2253 et
678 2178 846 2280 xreligioso
885 2179 1002 2256 lurore
1037 2177 1293 2252 inservientibus

177 2298 361 2382 monachia
384 2297 585 2382 beneficum
609 2299 750 2402 asylum
774 2298 1024 2400 praebuerunt.
1051 2299 1218 2401 Proprios
1241 2299 1293 2372 ibi

179 2441 365 2516 aegrorum
388 2443 493 2490 curae
517 2418 710 2520 pmefuisse
739 2417 923 2514 medicos,
952 2443 973 2490 e
1003 2418 1170 2495 Par-unu
1199 2413 1294 2492 rela-

116 2629 121 2642 ,
178 2535 275 2608 tione
314 2549 463 2616 condat
496 2577 548 2594 -
582 2535 656 2610 Sub
691 2537 800 2619 mem
837 2535 967 2612 caecidi
996 2537 1059 2612 tv,
1093 2551 1294 2612 mauonam

177 2679 380 2754 romanam,
404 2658 548 2732 uomina
579 2649 783 2758 Floronia,
807 2657 1060 2738 Nosocomium
1083 2657 1217 2732 Romae
1240 2657 1294 2730 in-

176 2771 329 2847 stituisse
340 2827 353 2873 ,
375 2773 415 2846 in
446 2800 518 2875 quo
548 2787 768 2874 aegrotantes
800 2772 980 2873 colligeret
1009 2772 1055 2848 de
1079 2771 1231 2874 plateis,
1253 2785 1292 2846 et

176 2905 386 2992 cousumpta
409 2889 580 3001 languore
611 2906 718 2992 atque
746 2891 862 2966 inedia
891 2892 1100 2965 miseramur
1130 2886 1293 2964 membra

177 3005 341 3102 foveret,
368 3009 420 3083 ita
454 3023 495 3083 ct
526 3009 632 3083 multi
666 3011 744 3083 sarri
778 3007 1026 3108 languentibus
1061 3005 1291 3103 inviderent,

176 3121 278 3193 testis
302 3135 357 3198 eat
380 3123 491 3202 Divus
516 3125 745 3200 Hrsaonvuus
770 3121 950 3226 (Epistola
976 3123 1022 3197 ad
1046 3122 1231 3198 Oceanum
1244 3123 1291 3200 da

179 3251 294 3314 morte
328 3239 529 3335 Fabiolae.)
559 3243 651 3318 Ante
685 3243 924 3318 sastinianum
954 3267 1028 3318 non
1057 3241 1164 3344 longo
1197 3253 1292 3316 tem·

177 3383 290 3458 pore,
314 3385 397 3459 ergo
422 3373 502 3435 anto
527 3387 661 3436 annum
685 3362 777 3467 527,
801 3362 898 3438 aliud
929 3363 1082 3438 extitisse
1108 3363 1203 3437 inter
1232 3385 1289 3436 sa-

177 3473 264 3557 cella
288 3474 465 3552 beasset
487 3477 638 3582 Sophiae
660 3507 681 3554 a
708 3483 741 3554 S.
758 3483 918 3556 Ssusosn
935 3481 1141 3577 fundatum,
1163 3479 1291 3580 ipsias·

176 3619 245 3694 que
270 3595 494 3696 Imperatoris
529 3597 737 3674 liberalitate
767 3613 910 3673 auctum
941 3611 979 3672 et
1008 3597 1292 3700 amplificatum,

176 3715 372 3795 Procoeton
396 3717 513 3791 refert
539 3717 686 3806 Saeculo
709 3719 790 3793 Vll.
815 3715 1053 3819 llierosolymi
1082 3725 1156 3818 jam
1184 3715 1289 3820 plura

10 3834 11 3837 ’
175 3831 398 3911 Nosodoebia
438 3836 736 3936 peregrinantium
777 3835 972 3910 commodis
1012 3833 1289 3910 destinabantur.

175 3949 263 4023 Inde
287 3951 347 4026 vix
371 3949 445 4025 ullo
469 3951 627 4054 subjacet
642 3953 767 4052 dubio,
790 3955 897 4027 mam
921 3951 1165 4028 nosocomium
1191 3951 1290 4024 Gan-

174 4067 399 4169 disaporense
423 4067 659 4169 Nestorianis,
680 4072 742 4174 qni
766 4073 805 4146 in
829 4069 897 4146 hac
921 4067 1008 4144 urbe
1034 4065 1290 4164 consederant,

174 4207 276 4258 suam
309 4184 472 4260 debuisse
503 4187 698 4288 originem,
727 4187 965 4290 sequebantur
995 4185 1093 4260 enim
1127 4182 1288 4286 exempla

174 4299 324 4382 aliorum
341 4301 621 4380 Christianorum
638 4307 676 4379 in
693 4304 906 4380 felicioribus
923 4317 959 4378 et
981 4300 1183 4378 conunereii
1200 4299 1288 4380 flore

173 4421 305 4496 ornans
332 4420 476 4498 urbibus
507 4421 739 4528 degentium,
767 4449 918 4530 quarum
950 4425 1021 4524 jam
1052 4415 1193 4495 saecolo
1224 4419 1284 4495 Vl.
