3264 5194
207 449 290 544 tici,
315 437 468 544 inertel,
501 443 642 545 pallidi,
677 443 887 546 hydropici3
917 439 1036 520 latices
1066 445 1189 521 vitales
1219 448 1316 520 enim

206 565 410 668 requisitam
445 565 693 667 plasticitatem
727 562 905 661 adtingere
936 577 1136 664 nequeunt,
1164 565 1315 666 primor-

206 681 357 781 dialem,
380 709 442 756 seu
468 706 618 782 aqucam
642 680 792 754 somnam
817 679 1017 752 retinentes.

254 803 326 878 Δέι·
350 799 461 874 multa
486 797 649 899 gravidus
666 823 776 898 aqua,
791 821 941 895 vapores
963 795 1009 870 dc
1034 791 1240 896 corporibus
1267 821 1318 868 re-

206 919 323 1020 cipere
348 943 389 992 ac
414 917 583 1018 dissipare
607 917 723 988 minus
749 928 874 1016 aptus,
899 920 971 1016 jam
996 914 1054 988 vel
1087 915 1157 988 hoc
1186 913 1318 987 intuitu

207 1035 470 1108 exuberantiam
503 1035 610 1106 cerosi
645 1032 757 1106 laticis
792 1031 988 1133 producere
1022 1031 1138 1106 debet
1173 1029 1322 1106 Accedit

207 1166 345 1250 autem,
369 1152 465 1255 quod
489 1177 553 1252 per
569 1153 680 1251 ipsam
699 1151 788 1224 cratis
806 1149 1031 1249 superficiem
1049 1159 1127 1222 atre
1144 1141 1316 1224 continuo

208 1269 454 1343 circumfusam
480 1295 626 1368 vapores
652 1269 753 1368 aquei
780 1270 906 1368 jugiter
930 1266 1205 1364 absorbeantur,
1228 1293 1319 1368 quo·

207 1413 287 1459 rum
312 1387 413 1488 copia
437 1389 476 1459 in
500 1375 671 1488 liquidam
696 1385 845 1458 sormam
871 1384 1107 1482 condensata,
1132 1399 1168 1460 et
1183 1384 1318 1462 viribus

206 1503 448 1602 digestricibus
482 1504 682 1608 systematis
707 1501 917 1604 lymphatici
943 1505 1124 1604 superior,
1148 1525 1316 1580 vesorum

205 1620 324 1694 alveos
348 1621 481 1724 replet,
513 1621 625 1696 solida
659 1621 754 1694 laxat
790 1635 827 1694 et
849 1620 966 1694 mollit
975 1675 990 1710 ,
1022 1621 1188 1696 humores
1213 1621 1320 1701 solvit

132 1805 135 1812 .
206 1754 244 1812 et
266 1738 379 1814 diluit.
405 1741 439 1812 Si
465 1739 573 1814 modo
599 1765 699 1813 renes
724 1739 929 1818 exuberanti
946 1739 1041 1818 latioi
1059 1767 1191 1842 aqaroso
1208 1741 1320 1816 eliam

206 1855 325 1933 nando
350 1857 572 1953 renituntur,
596 1855 822 1934 membranae
839 1881 976 1930 serosae
989 1857 1035 1932 ob
1052 1858 1217 1932 intimum
1234 1881 1319 1934 cunt

74 2051 80 2066 Χ
207 1973 257 2044 eis
281 1985 318 2046 et
332 1985 415 2046 cute
431 1997 642 2048 consensum
658 1972 705 2052 ad
720 1973 908 2054 viridiores
924 1975 1146 2049 concitantur
1169 1976 1319 2052 mactis·

207 2119 291 2190 raes,
313 2091 531 2195 superfluum
554 2091 729 2195 liquorem
753 2119 775 2168 e
797 2117 911 2168 massa
938 2091 1060 2166 circuli
1078 2093 1227 2172 educere
1242 2117 1318 2168 mc-

205 2207 340 2317 lientes.
364 2251 415 2268 κ-
438 2209 584 2292 Notavit
608 2217 679 2312 jam
703 2211 856 2284 Zaccnn
880 2211 917 2283 iu
948 2211 1020 2284 saris
1055 2209 1318 2312 praesuonibus

204 2325 531 2434 medico-legalibus
566 2327 670 2421 (Lib.
708 2327 752 2406 V.
788 2327 858 2405 Tit.
890 2329 922 2422 4.
955 2329 999 2420 Q.
1037 2335 1098 2432 7.)
1132 2328 1319 2404 honarum

204 2443 357 2520 cultores
382 2446 544 2522 cachexia
570 2457 607 2520 et
631 2445 793 2546 hydrope
827 2472 996 2548 persaepe
1025 2445 1209 2544 laborare,
1234 2471 1319 2526 cum

203 2563 301 2638 enim
324 2565 363 2638 iu
385 2563 472 2638 locis
496 2565 672 2662 humidis,
696 2565 743 2642 ub
765 2566 948 2642 adsiduam
965 2568 1223 2668 irrigationem,
1246 2589 1318 2668 qut

204 2679 299 2754 horti
321 2680 502 2780 indigent,
526 2695 697 2780 cogantur
721 2681 865 2781 degere,
895 2705 968 2756 non
1002 2699 1149 2783 possam
1172 2681 1317 2756 illorum

203 2825 374 2900 corpora,
397 2801 484 2901 quin
509 2799 663 2872 maritum
688 2799 908 2874 humiditatis
934 2799 1149 2878 combibant.
1172 2839 1225 2857 ·-
1240 2799 1316 2872 Ho-

203 2917 328 2995 dierno
352 2930 471 2990 autem
496 2941 607 3012 aevo,
641 2941 714 3016 quo
747 2915 909 2996 inhalans
940 2917 1030 2988 cutis
1068 2927 1223 3016 potestas
1259 2916 1316 2988 in·

205 3035 383 3108 coricumis
408 3033 654 3134 experimentis
679 3033 793 3110 evicta
817 3045 886 3129 cst,
908 3032 1023 3108 multo
1047 3031 1175 3106 clarior
1198 3031 1317 3122 evadit

204 3148 376 3251 hydropis
411 3175 454 3222 ex
488 3147 600 3222 hocce
637 3149 735 3224 fonte
764 3150 922 3250 genesis,
959 3151 1017 3224 cui
1055 3149 1316 3232 confirmandae

203 3269 397 3371 plurimum
427 3271 534 3344 etiam
569 3267 755 3348 conserunt
788 3268 903 3342 morbi
937 3283 1186 3371 symptomata.
1212 3269 1326 3348 Cutis·

203 3401 406 3463 constanter
428 3388 541 3484 sicca,
565 3401 602 3460 et
626 3385 742 3484 arida,
766 3385 1015 3466 efficacissimis
1039 3387 1203 3460 renititur
1236 3385 1312 3466 dis·

202 3507 413 3609 phoreticis3
435 3507 530 3604 sitis,
553 3505 629 3580 aliis
653 3505 856 3608 hydropum
881 3505 1063 3609 speciebus
1098 3507 1188 3584 adea
1213 3507 1315 3582 fami·

201 3625 317 3723 liaris,
342 3627 402 3700 vix
416 3625 600 3722 molestat,
624 3623 701 3700 lotii
716 3627 894 3732 quenulae
911 3651 990 3700 eam
1011 3639 1117 3728 potus
1134 3625 1313 3704 ordinario
1345 3721 1349 3729 Δ

199 3759 344 3845 superat
353 3797 368 3836 ,
392 3743 543 3822 colluvie
567 3770 684 3819 semea
708 3743 821 3820 nihilo
844 3747 962 3819 minus
987 3745 1098 3820 indies
1124 3761 1312 3826 crescente.

199 3859 320 3936 Hocce
344 3861 626 3964 hydrogeneseos
650 3861 932 3964 praedominium
956 3864 995 3942 in
1019 3863 1219 3964 organismo
1244 3863 1312 3938 sub

198 3980 362 4056 infaustis
386 3981 535 4056 elimatis
559 3981 697 4058 humidi
722 3983 992 4060 circumstantiis
1008 3985 1151 4060 vivente
1167 3983 1312 4058 demon·

196 4111 286 4174 strat
310 4125 451 4201 quoque
475 4097 660 4201 singularis
684 4099 934 4204 plemmmqus
959 4100 1166 4176 morborum
1191 4113 1311 4176 acuto·

195 4245 278 4294 rum
294 4221 333 4292 in
350 4218 539 4293 effirsiones
552 4217 668 4313 auus,
682 4243 790 4320 quem
806 4217 1125 4296 inflammationum
1143 4217 1310 4320 frequens

197 4338 365 4412 tmusitus
388 4339 426 4412 in
451 4335 630 4439 hydropcs
655 4363 844 4436 cavarum,
867 4339 978 4414 lorms
998 4337 1216 4440 erysipelatis
1232 4337 1310 4414 bul·

196 4453 292 4556 lasa,
308 4469 413 4560 atque
430 4455 631 4534 vesiculuris
644 4457 857 4536 mudilicstic
869 4459 1070 4564 urticariae,
1082 4458 1309 4564 scarlatinac,
