<?xml version="1.0" encoding="UTF-8"?>
<!DOCTYPE html PUBLIC "-//W3C//DTD XHTML 1.0 Transitional//EN"
    "http://www.w3.org/TR/xhtml1/DTD/xhtml1-transitional.dtd">
<html xmlns="http://www.w3.org/1999/xhtml" xml:lang="en" lang="en">
 <head>
  <title>
</title>
<meta http-equiv="Content-Type" content="text/html;charset=utf-8" />
  <meta name='ocr-system' content='tesseract 3.04.00' />
  <meta name='ocr-capabilities' content='ocr_page ocr_carea ocr_par ocr_line ocrx_word'/>
</head>
<body>
  <div class='ocr_page' id='page_1' title='image "./annalesscholaec00hildgoog_0030.png"; bbox 0 0 3228 5166; ppageno 0'>
   <div class='ocr_carea' id='block_1_1' title="bbox 257 529 1445 2750">
    <p class='ocr_par' dir='ltr' id='par_1_1' title="bbox 318 529 1430 992">
     <span class='ocr_line' id='line_1_1' title="bbox 321 529 1426 632; baseline -0.005 -23"><span class='ocrx_word' id='word_1_1' title='bbox 321 531 492 632; x_wconf 79' lang='lat' dir='ltr'><strong>Palladii,</strong></span> <span class='ocrx_word' id='word_1_2' title='bbox 515 545 598 608; x_wconf 88' lang='lat' dir='ltr'><strong>curn</strong></span> <span class='ocrx_word' id='word_1_3' title='bbox 622 529 767 610; x_wconf 77' lang='lat' dir='ltr'><strong>advmsa</strong></span> <span class='ocrx_word' id='word_1_4' title='bbox 800 545 895 608; x_wconf 91' lang='lat' dir='ltr'><strong>sorte</strong></span> <span class='ocrx_word' id='word_1_5' title='bbox 930 531 1033 607; x_wconf 89' lang='lat' dir='ltr'><strong>toties</strong></span> <span class='ocrx_word' id='word_1_6' title='bbox 1058 531 1317 628; x_wconf 85' lang='lat' dir='ltr'><strong>conluctantis,</strong></span> <span class='ocrx_word' id='word_1_7' title='bbox 1339 532 1426 604; x_wconf 80' lang='lat' dir='ltr'><strong>resi-</strong></span> 
     </span>
     <span class='ocr_line' id='line_1_2' title="bbox 322 647 1430 750; baseline -0.005 -24"><span class='ocrx_word' id='word_1_8' title='bbox 322 653 443 727; x_wconf 89' lang='lat' dir='ltr'><strong>duum.</strong></span> <span class='ocrx_word' id='word_1_9' title='bbox 468 649 605 724; x_wconf 78' lang='lat' dir='ltr'><strong>Chalifa</strong></span> <span class='ocrx_word' id='word_1_10' title='bbox 631 651 862 725; x_wconf 73' lang='lat' dir='ltr'><strong>Morawaxrr,</strong></span> <span class='ocrx_word' id='word_1_11' title='bbox 892 649 998 724; x_wconf 83' lang='lat' dir='ltr'><strong>Anno</strong></span> <span class='ocrx_word' id='word_1_12' title='bbox 1032 647 1104 743; x_wconf 75' lang='lat'><strong>845</strong></span> <span class='ocrx_word' id='word_1_13' title='bbox 1135 649 1280 750; x_wconf 85' lang='lat' dir='ltr'><strong>quidem</strong></span> <span class='ocrx_word' id='word_1_14' title='bbox 1309 647 1430 722; x_wconf 91' lang='lat' dir='ltr'><strong>denuo</strong></span> 
     </span>
     <span class='ocr_line' id='line_1_3' title="bbox 319 765 1430 868; baseline -0.004 -24"><span class='ocrx_word' id='word_1_15' title='bbox 319 769 506 844; x_wconf 77' lang='lat' dir='ltr'><strong>instaurari</strong></span> <span class='ocrx_word' id='word_1_16' title='bbox 530 769 668 842; x_wconf 74' lang='lat' dir='ltr'><strong>curant</strong></span> <span class='ocrx_word' id='word_1_17' title='bbox 692 767 882 845; x_wconf 81' lang='lat' dir='ltr'><strong>literarium</strong></span> <span class='ocrx_word' id='word_1_18' title='bbox 905 785 1061 867; x_wconf 82' lang='lat' dir='ltr'><strong>penum,</strong></span> <span class='ocrx_word' id='word_1_19' title='bbox 1089 792 1180 868; x_wconf 88' lang='lat' dir='ltr'><strong>quae</strong></span> <span class='ocrx_word' id='word_1_20' title='bbox 1209 791 1296 843; x_wconf 82' lang='lat' dir='ltr'><strong>vero</strong></span> <span class='ocrx_word' id='word_1_21' title='bbox 1328 765 1430 841; x_wconf 81' lang='lat' dir='ltr'><strong>brevi</strong></span> 
     </span>
     <span class='ocr_line' id='line_1_4' title="bbox 318 885 970 992; baseline -0.009 -27"><span class='ocrx_word' id='word_1_22' title='bbox 318 889 467 992; x_wconf 88' lang='lat' dir='ltr'><strong>posthac</strong></span> <span class='ocrx_word' id='word_1_23' title='bbox 492 913 514 962; x_wconf 90' lang='lat' dir='ltr'><strong>a</strong></span> <span class='ocrx_word' id='word_1_24' title='bbox 539 887 665 962; x_wconf 90' lang='lat' dir='ltr'><strong>Turcis</strong></span> <span class='ocrx_word' id='word_1_25' title='bbox 691 889 758 961; x_wconf 88' lang='lat' dir='ltr'><strong>suit</strong></span> <span class='ocrx_word' id='word_1_26' title='bbox 782 885 970 962; x_wconf 82' lang='lat' dir='ltr'><strong>destructa.</strong></span> 
     </span>
    </p>

    <p class='ocr_par' dir='ltr' id='par_1_2' title="bbox 318 1001 1445 1806">
     <span class='ocr_line' id='line_1_5' title="bbox 369 1001 1428 1107; baseline -0.007 -26"><span class='ocrx_word' id='word_1_27' title='bbox 369 1003 540 1101; x_wconf 79' lang='lat' dir='ltr'><strong>Quamvis</strong></span> <span class='ocrx_word' id='word_1_28' title='bbox 567 1007 813 1107; x_wconf 88' lang='lat' dir='ltr'><strong>grammatice,</strong></span> <span class='ocrx_word' id='word_1_29' title='bbox 837 1002 1046 1105; x_wconf 90' lang='lat' dir='ltr'><strong>philologia,</strong></span> <span class='ocrx_word' id='word_1_30' title='bbox 1071 1003 1186 1104; x_wconf 70' lang='lat' dir='ltr'><strong>potesis</strong></span> <span class='ocrx_word' id='word_1_31' title='bbox 1218 1016 1255 1076; x_wconf 91' lang='lat' dir='ltr'><strong>et</strong></span> <span class='ocrx_word' id='word_1_32' title='bbox 1283 1001 1428 1076; x_wconf 83' lang='lat' dir='ltr'><strong>historia</strong></span> 
     </span>
     <span class='ocr_line' id='line_1_6' title="bbox 320 1120 1429 1226; baseline -0.006 -25"><span class='ocrx_word' id='word_1_33' title='bbox 320 1124 487 1202; x_wconf 79' lang='lat' dir='ltr'><strong>naturalis</strong></span> <span class='ocrx_word' id='word_1_34' title='bbox 496 1125 672 1226; x_wconf 87' lang='lat' dir='ltr'><strong>principes</strong></span> <span class='ocrx_word' id='word_1_35' title='bbox 685 1123 828 1198; x_wconf 85' lang='lat' dir='ltr'><strong>fuemnt</strong></span> <span class='ocrx_word' id='word_1_36' title='bbox 842 1124 1041 1196; x_wconf 78' lang='lat' dir='ltr'><strong>scientiaea</strong></span> <span class='ocrx_word' id='word_1_37' title='bbox 1058 1121 1170 1196; x_wconf 89' lang='lat' dir='ltr'><strong>doctis</strong></span> <span class='ocrx_word' id='word_1_38' title='bbox 1186 1120 1429 1196; x_wconf 80' lang='lat' dir='ltr'>Alexandrinis</span> 
     </span>
     <span class='ocr_line' id='line_1_7' title="bbox 318 1238 1428 1345; baseline -0.007 -25"><span class='ocrx_word' id='word_1_39' title='bbox 318 1258 520 1345; x_wconf 69' lang='lat' dir='ltr'><strong>promotae,</strong></span> <span class='ocrx_word' id='word_1_40' title='bbox 542 1240 767 1316; x_wconf 79' lang='lat' dir='ltr'><strong>nihilosecius</strong></span> <span class='ocrx_word' id='word_1_41' title='bbox 784 1255 820 1314; x_wconf 89' lang='lat' dir='ltr'><strong>et</strong></span> <span class='ocrx_word' id='word_1_42' title='bbox 835 1241 1009 1315; x_wconf 89' lang='lat' dir='ltr'><strong>medicina</strong></span> <span class='ocrx_word' id='word_1_43' title='bbox 1025 1265 1108 1316; x_wconf 88' lang='lat' dir='ltr'><strong>snos</strong></span> <span class='ocrx_word' id='word_1_44' title='bbox 1128 1238 1273 1337; x_wconf 89' lang='lat' dir='ltr'><strong>habuit,</strong></span> <span class='ocrx_word' id='word_1_45' title='bbox 1296 1261 1428 1340; x_wconf 90' lang='lat' dir='ltr'><strong>eosque</strong></span> 
     </span>
     <span class='ocr_line' id='line_1_8' title="bbox 319 1359 1430 1461; baseline -0.002 -26"><span class='ocrx_word' id='word_1_46' title='bbox 319 1363 471 1461; x_wconf 86' lang='lat' dir='ltr'><strong>insignes</strong></span> <span class='ocrx_word' id='word_1_47' title='bbox 489 1359 650 1434; x_wconf 86' lang='lat' dir='ltr'><strong>cultores.</strong></span> <span class='ocrx_word' id='word_1_48' title='bbox 666 1401 717 1416; x_wconf 85' lang='lat'><strong>--</strong></span> <span class='ocrx_word' id='word_1_49' title='bbox 733 1361 919 1433; x_wconf 78' lang='lat' dir='ltr'><strong>huuraruu</strong></span> <span class='ocrx_word' id='word_1_50' title='bbox 937 1360 1180 1433; x_wconf 78' lang='lat' dir='ltr'><strong>Mancrmruus</strong></span> <span class='ocrx_word' id='word_1_51' title='bbox 1203 1372 1340 1434; x_wconf 90' lang='lat' dir='ltr'><strong>tantam</strong></span> <span class='ocrx_word' id='word_1_52' title='bbox 1364 1360 1430 1433; x_wconf 85' lang='lat' dir='ltr'><strong>hu·</strong></span> 
     </span>
     <span class='ocr_line' id='line_1_9' title="bbox 320 1475 1429 1578; baseline 0.004 -29"><span class='ocrx_word' id='word_1_53' title='bbox 320 1479 375 1578; x_wconf 84' lang='lat' dir='ltr'><strong>jus</strong></span> <span class='ocrx_word' id='word_1_54' title='bbox 400 1475 541 1550; x_wconf 89' lang='lat' dir='ltr'><strong>scholae</strong></span> <span class='ocrx_word' id='word_1_55' title='bbox 561 1476 697 1550; x_wconf 50' lang='lat' dir='ltr'><strong>¹famam</strong></span> <span class='ocrx_word' id='word_1_56' title='bbox 714 1476 819 1550; x_wconf 75' lang='lat' dir='ltr'><strong>nisse</strong></span> <span class='ocrx_word' id='word_1_57' title='bbox 835 1476 1054 1578; x_wconf 79' lang='lat' dir='ltr'><strong>praetendit,</strong></span> <span class='ocrx_word' id='word_1_58' title='bbox 1069 1491 1111 1550; x_wconf 89' lang='lat' dir='ltr'><strong>ut</strong></span> <span class='ocrx_word' id='word_1_59' title='bbox 1126 1503 1192 1578; x_wconf 89' lang='lat' dir='ltr'><strong>pro</strong></span> <span class='ocrx_word' id='word_1_60' title='bbox 1208 1480 1307 1552; x_wconf 89' lang='lat' dir='ltr'><strong>omni</strong></span> <span class='ocrx_word' id='word_1_61' title='bbox 1324 1499 1429 1578; x_wconf 80' lang='lat' dir='ltr'><strong>expe-</strong></span> 
     </span>
     <span class='ocr_line' id='line_1_10' title="bbox 320 1593 1430 1668; baseline 0.002 -2"><span class='ocrx_word' id='word_1_62' title='bbox 320 1593 473 1666; x_wconf 85' lang='lat' dir='ltr'><strong>rimento</strong></span> <span class='ocrx_word' id='word_1_63' title='bbox 506 1593 702 1666; x_wconf 84' lang='lat' dir='ltr'><strong>suffecisset</strong></span> <span class='ocrx_word' id='word_1_64' title='bbox 735 1593 874 1667; x_wconf 90' lang='lat' dir='ltr'><strong>medico</strong></span> <span class='ocrx_word' id='word_1_65' title='bbox 910 1593 956 1667; x_wconf 93' lang='lat' dir='ltr'><strong>ad</strong></span> <span class='ocrx_word' id='word_1_66' title='bbox 990 1593 1309 1668; x_wconf 84' lang='lat' dir='ltr'><strong>commendandam</strong></span> <span class='ocrx_word' id='word_1_67' title='bbox 1345 1597 1430 1668; x_wconf 85' lang='lat' dir='ltr'><strong>artis</strong></span> 
     </span>
     <span class='ocr_line' id='line_1_11' title="bbox 320 1708 1445 1806; baseline 0.004 -24"><span class='ocrx_word' id='word_1_68' title='bbox 320 1711 586 1806; x_wconf 82' lang='lat' dir='ltr'><strong>auctoritatem,</strong></span> <span class='ocrx_word' id='word_1_69' title='bbox 602 1709 631 1781; x_wconf 88' lang='lat' dir='ltr'><strong>si</strong></span> <span class='ocrx_word' id='word_1_70' title='bbox 643 1708 873 1784; x_wconf 85' lang='lat' dir='ltr'><strong>Alexandriae</strong></span> <span class='ocrx_word' id='word_1_71' title='bbox 889 1735 927 1783; x_wconf 90' lang='lat' dir='ltr'><strong>se</strong></span> <span class='ocrx_word' id='word_1_72' title='bbox 948 1710 1092 1784; x_wconf 82' lang='lat' dir='ltr'><strong>dixisset</strong></span> <span class='ocrx_word' id='word_1_73' title='bbox 1113 1712 1322 1786; x_wconf 89' lang='lat' dir='ltr'><strong>institutum</strong></span> <span class='ocrx_word' id='word_1_74' title='bbox 1338 1711 1445 1806; x_wconf 78' lang='lat' dir='ltr'><strong>etto</strong></span> 
     </span>
    </p>

    <p class='ocr_par' dir='ltr' id='par_1_3' title="bbox 257 1823 1431 2750">
     <span class='ocr_line' id='line_1_12' title="bbox 319 1823 1429 1926; baseline 0.005 -28"><span class='ocrx_word' id='word_1_75' title='bbox 319 1823 440 1926; x_wconf 89' lang='lat' dir='ltr'><strong>lapillo</strong></span> <span class='ocrx_word' id='word_1_76' title='bbox 464 1826 623 1926; x_wconf 81' lang='lat' dir='ltr'><strong>inprimis</strong></span> <span class='ocrx_word' id='word_1_77' title='bbox 648 1827 764 1901; x_wconf 89' lang='lat' dir='ltr'><strong>notari</strong></span> <span class='ocrx_word' id='word_1_78' title='bbox 788 1841 969 1900; x_wconf 89' lang='lat' dir='ltr'><strong>merentur</strong></span> <span class='ocrx_word' id='word_1_79' title='bbox 1008 1829 1234 1904; x_wconf 82' lang='lat' dir='ltr'><strong>Hunorxmus</strong></span> <span class='ocrx_word' id='word_1_80' title='bbox 1269 1843 1306 1904; x_wconf 90' lang='lat' dir='ltr'><strong>et</strong></span> <span class='ocrx_word' id='word_1_81' title='bbox 1335 1831 1429 1904; x_wconf 78' lang='lat' dir='ltr'><strong>Eu·</strong></span> 
     </span>
     <span class='ocr_line' id='line_1_13' title="bbox 257 1923 1429 2046; baseline 0.004 -30"><span class='ocrx_word' id='word_1_82' title='bbox 257 1923 260 1932; x_wconf 43' lang='lat'><strong>¹</strong></span> <span class='ocrx_word' id='word_1_83' title='bbox 319 1967 524 2040; x_wconf 81' lang='lat' dir='ltr'><strong>srsrnarus,</strong></span> <span class='ocrx_word' id='word_1_84' title='bbox 539 1942 736 2018; x_wconf 88' lang='lat' dir='ltr'><strong>Ptolemaei</strong></span> <span class='ocrx_word' id='word_1_85' title='bbox 752 1945 862 2018; x_wconf 85' lang='lat' dir='ltr'><strong>Primi</strong></span> <span class='ocrx_word' id='word_1_86' title='bbox 880 1947 1078 2042; x_wconf 83' lang='lat' dir='ltr'><strong>coaetanei,</strong></span> <span class='ocrx_word' id='word_1_87' title='bbox 1095 1946 1142 2021; x_wconf 93' lang='lat' dir='ltr'><strong>ob</strong></span> <span class='ocrx_word' id='word_1_88' title='bbox 1158 1949 1332 2046; x_wconf 83' lang='lat' dir='ltr'><strong>insignem</strong></span> <span class='ocrx_word' id='word_1_89' title='bbox 1347 1973 1429 2021; x_wconf 88' lang='lat' dir='ltr'><strong>ana-</strong></span> 
     </span>
     <span class='ocr_line' id='line_1_14' title="bbox 319 2061 1431 2163; baseline 0.004 -29"><span class='ocrx_word' id='word_1_90' title='bbox 319 2061 450 2134; x_wconf 88' lang='lat' dir='ltr'><strong>tomiae</strong></span> <span class='ocrx_word' id='word_1_91' title='bbox 473 2063 735 2160; x_wconf 86' lang='lat' dir='ltr'><strong>promotionem</strong></span> <span class='ocrx_word' id='word_1_92' title='bbox 758 2083 833 2135; x_wconf 89' lang='lat' dir='ltr'><strong>non</strong></span> <span class='ocrx_word' id='word_1_93' title='bbox 856 2061 994 2158; x_wconf 89' lang='lat' dir='ltr'><strong>minus,</strong></span> <span class='ocrx_word' id='word_1_94' title='bbox 1019 2089 1126 2163; x_wconf 90' lang='lat' dir='ltr'><strong>quam</strong></span> <span class='ocrx_word' id='word_1_95' title='bbox 1150 2063 1197 2137; x_wconf 92' lang='lat' dir='ltr'><strong>ob</strong></span> <span class='ocrx_word' id='word_1_96' title='bbox 1222 2064 1431 2138; x_wconf 89' lang='lat' dir='ltr'><strong>eximiorum</strong></span> 
     </span>
     <span class='ocr_line' id='line_1_15' title="bbox 320 2177 1431 2283; baseline 0.005 -31"><span class='ocrx_word' id='word_1_97' title='bbox 320 2177 576 2280; x_wconf 86' lang='lat' dir='ltr'><strong>discipulorum</strong></span> <span class='ocrx_word' id='word_1_98' title='bbox 600 2204 790 2253; x_wconf 89' lang='lat' dir='ltr'><strong>numerum</strong></span> <span class='ocrx_word' id='word_1_99' title='bbox 806 2179 968 2255; x_wconf 85' lang='lat' dir='ltr'><strong>illustres.</strong></span> <span class='ocrx_word' id='word_1_100' title='bbox 986 2181 1179 2283; x_wconf 84' lang='lat' dir='ltr'><strong>splendent</strong></span> <span class='ocrx_word' id='word_1_101' title='bbox 1202 2183 1240 2256; x_wconf 92' lang='lat' dir='ltr'><strong>in</strong></span> <span class='ocrx_word' id='word_1_102' title='bbox 1265 2181 1431 2258; x_wconf 81' lang='lat' dir='ltr'><strong>historiae</strong></span> 
     </span>
     <span class='ocr_line' id='line_1_16' title="bbox 320 2295 1428 2395; baseline 0.005 -26"><span class='ocrx_word' id='word_1_103' title='bbox 320 2295 418 2370; x_wconf 79' lang='lat' dir='ltr'><strong>lastis</strong></span> <span class='ocrx_word' id='word_1_104' title='bbox 442 2296 587 2369; x_wconf 89' lang='lat' dir='ltr'><strong>nomina</strong></span> <span class='ocrx_word' id='word_1_105' title='bbox 612 2295 1046 2395; x_wconf 59' lang='lat' dir='ltr'><strong>promeruerunt,</strong></span> <span class='ocrx_word' id='word_1_106' title='bbox 1071 2299 1269 2394; x_wconf 82' lang='lat' dir='ltr'><strong>Cunrsnrr,</strong></span> <span class='ocrx_word' id='word_1_107' title='bbox 1298 2300 1428 2375; x_wconf 75' lang='lat' dir='ltr'><strong>Muxsi·</strong></span> 
     </span>
     <span class='ocr_line' id='line_1_17' title="bbox 318 2413 1427 2518; baseline 0.003 -29"><span class='ocrx_word' id='word_1_108' title='bbox 318 2439 424 2512; x_wconf 84' lang='lat' dir='ltr'><strong>ruer,</strong></span> <span class='ocrx_word' id='word_1_109' title='bbox 447 2428 553 2514; x_wconf 83' lang='lat' dir='ltr'><strong>atque</strong></span> <span class='ocrx_word' id='word_1_110' title='bbox 577 2413 785 2488; x_wconf 89' lang='lat' dir='ltr'><strong>immortalis</strong></span> <span class='ocrx_word' id='word_1_111' title='bbox 810 2415 957 2488; x_wconf 74' lang='lat' dir='ltr'><strong>Curunu</strong></span> <span class='ocrx_word' id='word_1_112' title='bbox 994 2416 1146 2512; x_wconf 77' lang='lat' dir='ltr'><strong>Gaurnr,</strong></span> <span class='ocrx_word' id='word_1_113' title='bbox 1179 2418 1242 2518; x_wconf 92' lang='lat' dir='ltr'><strong>qui</strong></span> <span class='ocrx_word' id='word_1_114' title='bbox 1274 2415 1427 2492; x_wconf 84' lang='lat' dir='ltr'><strong>Alexan-</strong></span> 
     </span>
     <span class='ocr_line' id='line_1_18' title="bbox 320 2527 1429 2634; baseline 0.004 -28"><span class='ocrx_word' id='word_1_115' title='bbox 320 2527 417 2606; x_wconf 89' lang='lat' dir='ltr'><strong>driae</strong></span> <span class='ocrx_word' id='word_1_116' title='bbox 442 2529 593 2626; x_wconf 80' lang='lat' dir='ltr'><strong>vixerat,</strong></span> <span class='ocrx_word' id='word_1_117' title='bbox 617 2543 807 2631; x_wconf 88' lang='lat' dir='ltr'><strong>antequam</strong></span> <span class='ocrx_word' id='word_1_118' title='bbox 841 2531 992 2606; x_wconf 86' lang='lat' dir='ltr'><strong>Romam</strong></span> <span class='ocrx_word' id='word_1_119' title='bbox 1026 2534 1210 2634; x_wconf 89' lang='lat' dir='ltr'><strong>petiisset,</strong></span> <span class='ocrx_word' id='word_1_120' title='bbox 1232 2533 1429 2609; x_wconf 85' lang='lat' dir='ltr'><strong>medicinae</strong></span> 
     </span>
     <span class='ocr_line' id='line_1_19' title="bbox 320 2647 1431 2750; baseline 0.002 -26"><span class='ocrx_word' id='word_1_121' title='bbox 320 2648 552 2724; x_wconf 82' lang='lat' dir='ltr'><strong>addiscendae</strong></span> <span class='ocrx_word' id='word_1_122' title='bbox 578 2673 693 2722; x_wconf 86' lang='lat' dir='ltr'><strong>causa.</strong></span> <span class='ocrx_word' id='word_1_123' title='bbox 716 2647 840 2750; x_wconf 85' lang='lat' dir='ltr'><strong>Neque</strong></span> <span class='ocrx_word' id='word_1_124' title='bbox 864 2651 1112 2750; x_wconf 90' lang='lat' dir='ltr'><strong>praetereundi</strong></span> <span class='ocrx_word' id='word_1_125' title='bbox 1135 2665 1219 2725; x_wconf 90' lang='lat' dir='ltr'><strong>sunt</strong></span> <span class='ocrx_word' id='word_1_126' title='bbox 1242 2652 1431 2750; x_wconf 81' lang='lat' dir='ltr'><strong>Eunxurs,</strong></span> 
     </span>
    </p>
   </div>
   <div class='ocr_carea' id='block_1_2' title="bbox 319 2769 1552 2868">
    <p class='ocr_par' dir='ltr' id='par_1_4' title="bbox 319 2769 1552 2868">
     <span class='ocr_line' id='line_1_20' title="bbox 319 2769 1552 2868; baseline -0.001 -23"><span class='ocrx_word' id='word_1_127' title='bbox 319 2771 525 2846; x_wconf 77' lang='lat' dir='ltr'><strong>Dxuxrnrus</strong></span> <span class='ocrx_word' id='word_1_128' title='bbox 549 2770 732 2866; x_wconf 59' lang='lat' dir='ltr'><strong>Maurus,</strong></span> <span class='ocrx_word' id='word_1_129' title='bbox 749 2769 930 2867; x_wconf 74' lang='lat' dir='ltr'><strong>Marnas,</strong></span> <span class='ocrx_word' id='word_1_130' title='bbox 955 2771 1072 2868; x_wconf 77' lang='lat' dir='ltr'><strong>Zeno,</strong></span> <span class='ocrx_word' id='word_1_131' title='bbox 1095 2770 1316 2856; x_wconf 61' lang='lat' dir='ltr'><strong>honorius</strong></span> <span class='ocrx_word' id='word_1_132' title='bbox 1339 2771 1430 2844; x_wconf 77' lang='lat' dir='ltr'><strong>Kar·</strong></span> <span class='ocrx_word' id='word_1_133' title='bbox 1549 2851 1552 2857; x_wconf 59' lang='grc'>,</span> 
     </span>
    </p>
   </div>
   <div class='ocr_carea' id='block_1_3' title="bbox 208 2887 1434 4052">
    <p class='ocr_par' dir='ltr' id='par_1_5' title="bbox 319 2887 1428 3082">
     <span class='ocr_line' id='line_1_21' title="bbox 319 2887 1428 2990; baseline 0.003 -30"><span class='ocrx_word' id='word_1_134' title='bbox 319 2913 410 2985; x_wconf 75' lang='lat' dir='ltr'><strong>rius,</strong></span> <span class='ocrx_word' id='word_1_135' title='bbox 422 2901 458 2962; x_wconf 86' lang='lat' dir='ltr'><strong>ct</strong></span> <span class='ocrx_word' id='word_1_136' title='bbox 473 2887 714 2983; x_wconf 71' lang='lat' dir='ltr'><strong>Clitumnus,</strong></span> <span class='ocrx_word' id='word_1_137' title='bbox 729 2888 791 2988; x_wconf 87' lang='lat' dir='ltr'><strong>qui</strong></span> <span class='ocrx_word' id='word_1_138' title='bbox 807 2889 1045 2990; x_wconf 88' lang='lat' dir='ltr'><strong>praeceptoris</strong></span> <span class='ocrx_word' id='word_1_139' title='bbox 1062 2889 1101 2962; x_wconf 90' lang='lat' dir='ltr'><strong>iu</strong></span> <span class='ocrx_word' id='word_1_140' title='bbox 1125 2888 1298 2965; x_wconf 89' lang='lat' dir='ltr'><strong>bonorem</strong></span> <span class='ocrx_word' id='word_1_141' title='bbox 1322 2891 1428 2965; x_wconf 87' lang='lat' dir='ltr'><strong>etiam</strong></span> 
     </span>
     <span class='ocr_line' id='line_1_22' title="bbox 319 3005 844 3082; baseline 0 -1"><span class='ocrx_word' id='word_1_142' title='bbox 319 3007 534 3082; x_wconf 78' lang='lat' dir='ltr'><strong>Hunoranxr</strong></span> <span class='ocrx_word' id='word_1_143' title='bbox 560 3005 844 3082; x_wconf 89' lang='lat' dir='ltr'><strong>nominabantur.</strong></span> 
     </span>
    </p>

    <p class='ocr_par' dir='ltr' id='par_1_6' title="bbox 208 3123 1434 4052">
     <span class='ocr_line' id='line_1_23' title="bbox 246 3123 1430 3223; baseline 0.007 -28"><span class='ocrx_word' id='word_1_144' title='bbox 246 3191 248 3195; x_wconf 85' lang='lat'>.</span> <span class='ocrx_word' id='word_1_145' title='bbox 370 3123 545 3198; x_wconf 81' lang='lat' dir='ltr'><strong>Medicina</strong></span> <span class='ocrx_word' id='word_1_146' title='bbox 570 3123 767 3223; x_wconf 86' lang='lat' dir='ltr'><strong>dogmatica</strong></span> <span class='ocrx_word' id='word_1_147' title='bbox 791 3127 829 3198; x_wconf 92' lang='lat' dir='ltr'><strong>in</strong></span> <span class='ocrx_word' id='word_1_148' title='bbox 855 3123 1020 3202; x_wconf 86' lang='lat' dir='ltr'><strong>Scholam</strong></span> <span class='ocrx_word' id='word_1_149' title='bbox 1036 3125 1310 3202; x_wconf 82' lang='lat' dir='ltr'><strong>Alexandrinam</strong></span> <span class='ocrx_word' id='word_1_150' title='bbox 1333 3153 1430 3203; x_wconf 90' lang='lat' dir='ltr'><strong>rece·</strong></span> 
     </span>
     <span class='ocr_line' id='line_1_24' title="bbox 318 3239 1431 3343; baseline 0.006 -31"><span class='ocrx_word' id='word_1_151' title='bbox 318 3249 401 3342; x_wconf 86' lang='lat' dir='ltr'><strong>pta,</strong></span> <span class='ocrx_word' id='word_1_152' title='bbox 426 3265 467 3312; x_wconf 88' lang='lat' dir='ltr'><strong>ac</strong></span> <span class='ocrx_word' id='word_1_153' title='bbox 491 3239 684 3315; x_wconf 88' lang='lat' dir='ltr'><strong>humoralis</strong></span> <span class='ocrx_word' id='word_1_154' title='bbox 708 3240 930 3341; x_wconf 85' lang='lat' dir='ltr'><strong>pathologiae</strong></span> <span class='ocrx_word' id='word_1_155' title='bbox 954 3243 1135 3343; x_wconf 88' lang='lat' dir='ltr'><strong>principiis</strong></span> <span class='ocrx_word' id='word_1_156' title='bbox 1158 3245 1204 3317; x_wconf 88' lang='lat' dir='ltr'><strong>ab</strong></span> <span class='ocrx_word' id='word_1_157' title='bbox 1220 3246 1431 3319; x_wconf 84' lang='lat' dir='ltr'><strong>Erasistrato</strong></span> 
     </span>
     <span class='ocr_line' id='line_1_25' title="bbox 319 3355 1431 3460; baseline 0.005 -30"><span class='ocrx_word' id='word_1_158' title='bbox 319 3369 443 3454; x_wconf 84' lang='lat' dir='ltr'><strong>aucta,</strong></span> <span class='ocrx_word' id='word_1_159' title='bbox 466 3355 599 3430; x_wconf 87' lang='lat' dir='ltr'><strong>ibidem</strong></span> <span class='ocrx_word' id='word_1_160' title='bbox 623 3383 707 3432; x_wconf 89' lang='lat' dir='ltr'><strong>mox</strong></span> <span class='ocrx_word' id='word_1_161' title='bbox 730 3359 768 3430; x_wconf 92' lang='lat' dir='ltr'><strong>in</strong></span> <span class='ocrx_word' id='word_1_162' title='bbox 793 3359 1008 3460; x_wconf 79' lang='lat' dir='ltr'><strong>hypotheses</strong></span> <span class='ocrx_word' id='word_1_163' title='bbox 1033 3362 1155 3436; x_wconf 88' lang='lat' dir='ltr'><strong>inanes</strong></span> <span class='ocrx_word' id='word_1_164' title='bbox 1172 3377 1209 3436; x_wconf 90' lang='lat' dir='ltr'><strong>et</strong></span> <span class='ocrx_word' id='word_1_165' title='bbox 1233 3363 1431 3438; x_wconf 87' lang='lat' dir='ltr'><strong>doctrinam</strong></span> 
     </span>
     <span class='ocr_line' id='line_1_26' title="bbox 319 3470 1431 3573; baseline 0.008 -27"><span class='ocrx_word' id='word_1_166' title='bbox 319 3498 417 3546; x_wconf 90' lang='lat' dir='ltr'><strong>mere</strong></span> <span class='ocrx_word' id='word_1_167' title='bbox 454 3470 635 3546; x_wconf 87' lang='lat' dir='ltr'><strong>verbalem</strong></span> <span class='ocrx_word' id='word_1_168' title='bbox 670 3473 904 3573; x_wconf 87' lang='lat' dir='ltr'><strong>degeneravit.</strong></span> <span class='ocrx_word' id='word_1_169' title='bbox 934 3477 1154 3554; x_wconf 84' lang='lat' dir='ltr'><strong>Medicorum</strong></span> <span class='ocrx_word' id='word_1_170' title='bbox 1186 3507 1288 3554; x_wconf 91' lang='lat' dir='ltr'><strong>mens</strong></span> <span class='ocrx_word' id='word_1_171' title='bbox 1325 3480 1431 3556; x_wconf 87' lang='lat' dir='ltr'><strong>diale-</strong></span> 
     </span>
     <span class='ocr_line' id='line_1_27' title="bbox 208 3586 1432 3700; baseline 0.007 -37"><span class='ocrx_word' id='word_1_172' title='bbox 208 3586 210 3592; x_wconf 73' lang='grc'><strong>’</strong></span> <span class='ocrx_word' id='word_1_173' title='bbox 247 3669 251 3680; x_wconf 54' lang='grc'><strong>,</strong></span> <span class='ocrx_word' id='word_1_174' title='bbox 320 3591 432 3664; x_wconf 84' lang='lat' dir='ltr'><strong>eticae</strong></span> <span class='ocrx_word' id='word_1_175' title='bbox 468 3587 642 3664; x_wconf 85' lang='lat' dir='ltr'><strong>illecebris</strong></span> <span class='ocrx_word' id='word_1_176' title='bbox 678 3591 845 3692; x_wconf 87' lang='lat' dir='ltr'><strong>abrepta,</strong></span> <span class='ocrx_word' id='word_1_177' title='bbox 879 3593 1130 3671; x_wconf 87' lang='lat' dir='ltr'><strong>subtilitatibus</strong></span> <span class='ocrx_word' id='word_1_178' title='bbox 1162 3599 1432 3700; x_wconf 89' lang='lat' dir='ltr'><strong>terminologicis</strong></span> 
     </span>
     <span class='ocr_line' id='line_1_28' title="bbox 320 3704 1434 3818; baseline 0.011 -38"><span class='ocrx_word' id='word_1_179' title='bbox 320 3733 362 3780; x_wconf 84' lang='lat' dir='ltr'><strong>ec</strong></span> <span class='ocrx_word' id='word_1_180' title='bbox 386 3704 584 3806; x_wconf 87' lang='lat' dir='ltr'><strong>sophisticis</strong></span> <span class='ocrx_word' id='word_1_181' title='bbox 609 3709 710 3806; x_wconf 89' lang='lat' dir='ltr'><strong>nugis</strong></span> <span class='ocrx_word' id='word_1_182' title='bbox 735 3709 875 3809; x_wconf 91' lang='lat' dir='ltr'><strong>potius,</strong></span> <span class='ocrx_word' id='word_1_183' title='bbox 899 3735 1007 3812; x_wconf 87' lang='lat' dir='ltr'><strong>quam</strong></span> <span class='ocrx_word' id='word_1_184' title='bbox 1042 3727 1188 3788; x_wconf 90' lang='lat' dir='ltr'><strong>naturae</strong></span> <span class='ocrx_word' id='word_1_185' title='bbox 1218 3715 1434 3818; x_wconf 85' lang='lat' dir='ltr'><strong>contempla·</strong></span> 
     </span>
     <span class='ocr_line' id='line_1_29' title="bbox 318 3823 1430 3935; baseline 0.008 -37"><span class='ocrx_word' id='word_1_186' title='bbox 318 3825 407 3898; x_wconf 90' lang='lat' dir='ltr'><strong>tioni</strong></span> <span class='ocrx_word' id='word_1_187' title='bbox 430 3825 581 3920; x_wconf 89' lang='lat' dir='ltr'><strong>intenta,</strong></span> <span class='ocrx_word' id='word_1_188' title='bbox 605 3823 848 3925; x_wconf 89' lang='lat' dir='ltr'><strong>Pathologiam</strong></span> <span class='ocrx_word' id='word_1_189' title='bbox 872 3829 1078 3928; x_wconf 81' lang='lat' dir='ltr'><strong>progenuit,</strong></span> <span class='ocrx_word' id='word_1_190' title='bbox 1111 3839 1211 3935; x_wconf 90' lang='lat' dir='ltr'><strong>cujus</strong></span> <span class='ocrx_word' id='word_1_191' title='bbox 1246 3833 1345 3908; x_wconf 88' lang='lat' dir='ltr'><strong>nulla</strong></span> <span class='ocrx_word' id='word_1_192' title='bbox 1383 3833 1430 3907; x_wconf 82' lang='lat' dir='ltr'><strong>ad</strong></span> 
     </span>
     <span class='ocr_line' id='line_1_30' title="bbox 319 3941 1432 4052; baseline 0.006 -34"><span class='ocrx_word' id='word_1_193' title='bbox 319 3967 506 4044; x_wconf 85' lang='lat' dir='ltr'><strong>aegrorum</strong></span> <span class='ocrx_word' id='word_1_194' title='bbox 528 3941 639 4020; x_wconf 84' lang='lat' dir='ltr'><strong>lectos</strong></span> <span class='ocrx_word' id='word_1_195' title='bbox 664 3969 738 4019; x_wconf 89' lang='lat' dir='ltr'><strong>esse</strong></span> <span class='ocrx_word' id='word_1_196' title='bbox 754 3947 871 4046; x_wconf 90' lang='lat' dir='ltr'><strong>potuit</strong></span> <span class='ocrx_word' id='word_1_197' title='bbox 886 3947 1030 4022; x_wconf 86' lang='lat' dir='ltr'><strong>utilitas.</strong></span> <span class='ocrx_word' id='word_1_198' title='bbox 1052 3951 1279 4052; x_wconf 89' lang='lat' dir='ltr'><strong>Quapropter</strong></span> <span class='ocrx_word' id='word_1_199' title='bbox 1302 3951 1432 4028; x_wconf 86' lang='lat' dir='ltr'><strong>medici</strong></span> 
     </span>
    </p>
   </div>
   <div class='ocr_carea' id='block_1_4' title="bbox 233 4057 1434 4644">
    <p class='ocr_par' dir='ltr' id='par_1_7' title="bbox 233 4057 1434 4644">
     <span class='ocr_line' id='line_1_31' title="bbox 318 4057 1433 4166; baseline 0.007 -32"><span class='ocrx_word' id='word_1_200' title='bbox 318 4061 466 4163; x_wconf 87' lang='lat' dir='ltr'><strong>practici</strong></span> <span class='ocrx_word' id='word_1_201' title='bbox 496 4057 631 4135; x_wconf 90' lang='lat' dir='ltr'><strong>hancce</strong></span> <span class='ocrx_word' id='word_1_202' title='bbox 666 4061 914 4161; x_wconf 83' lang='lat' dir='ltr'><strong>speculationis</strong></span> <span class='ocrx_word' id='word_1_203' title='bbox 951 4065 1046 4138; x_wconf 72' lang='lat' dir='ltr'><strong>nam</strong></span> <span class='ocrx_word' id='word_1_204' title='bbox 1080 4068 1307 4166; x_wconf 85' lang='lat' dir='ltr'><strong>spernendo,</strong></span> <span class='ocrx_word' id='word_1_205' title='bbox 1339 4071 1433 4160; x_wconf 78' lang='lat' dir='ltr'><strong>sum-</strong></span> 
     </span>
     <span class='ocr_line' id='line_1_32' title="bbox 317 4179 1434 4286; baseline 0.008 -34"><span class='ocrx_word' id='word_1_206' title='bbox 317 4203 490 4280; x_wconf 88' lang='lat' dir='ltr'><strong>mumque</strong></span> <span class='ocrx_word' id='word_1_207' title='bbox 514 4180 747 4280; x_wconf 86' lang='lat' dir='ltr'><strong>experientiae</strong></span> <span class='ocrx_word' id='word_1_208' title='bbox 772 4179 930 4256; x_wconf 85' lang='lat' dir='ltr'><strong>valorem</strong></span> <span class='ocrx_word' id='word_1_209' title='bbox 954 4183 1054 4257; x_wconf 86' lang='lat' dir='ltr'><strong>cordi</strong></span> <span class='ocrx_word' id='word_1_210' title='bbox 1078 4183 1266 4286; x_wconf 87' lang='lat' dir='ltr'><strong>habendo,</strong></span> <span class='ocrx_word' id='word_1_211' title='bbox 1291 4186 1337 4262; x_wconf 89' lang='lat' dir='ltr'><strong>ad</strong></span> <span class='ocrx_word' id='word_1_212' title='bbox 1361 4211 1434 4261; x_wconf 88' lang='lat' dir='ltr'><strong>em·</strong></span> 
     </span>
     <span class='ocr_line' id='line_1_33' title="bbox 233 4295 1433 4400; baseline 0.008 -31"><span class='ocrx_word' id='word_1_213' title='bbox 233 4385 239 4396; x_wconf 36' lang='lat'><strong>,</strong></span> <span class='ocrx_word' id='word_1_214' title='bbox 317 4300 447 4398; x_wconf 76' lang='lat' dir='ltr'><strong>pinam</strong></span> <span class='ocrx_word' id='word_1_215' title='bbox 471 4295 590 4374; x_wconf 88' lang='lat' dir='ltr'><strong>denuo</strong></span> <span class='ocrx_word' id='word_1_216' title='bbox 614 4313 698 4372; x_wconf 89' lang='lat' dir='ltr'><strong>sunt</strong></span> <span class='ocrx_word' id='word_1_217' title='bbox 721 4301 874 4397; x_wconf 85' lang='lat' dir='ltr'><strong>reversi,</strong></span> <span class='ocrx_word' id='word_1_218' title='bbox 899 4325 1025 4400; x_wconf 83' lang='lat' dir='ltr'><strong>agmen</strong></span> <span class='ocrx_word' id='word_1_219' title='bbox 1046 4301 1258 4378; x_wconf 89' lang='lat' dir='ltr'><strong>ducentibus</strong></span> <span class='ocrx_word' id='word_1_220' title='bbox 1282 4305 1433 4380; x_wconf 79' lang='lat' dir='ltr'><strong>Purunm</strong></span> 
     </span>
     <span class='ocr_line' id='line_1_34' title="bbox 313 4415 1433 4522; baseline 0.009 -34"><span class='ocrx_word' id='word_1_221' title='bbox 313 4415 398 4489; x_wconf 79' lang='lat' dir='ltr'><strong>Coo</strong></span> <span class='ocrx_word' id='word_1_222' title='bbox 425 4431 460 4490; x_wconf 90' lang='lat' dir='ltr'><strong>et</strong></span> <span class='ocrx_word' id='word_1_223' title='bbox 485 4417 699 4512; x_wconf 74' lang='lat' dir='ltr'><strong>Saramene,</strong></span> <span class='ocrx_word' id='word_1_224' title='bbox 733 4443 845 4520; x_wconf 88' lang='lat' dir='ltr'><strong>quos,</strong></span> <span class='ocrx_word' id='word_1_225' title='bbox 880 4419 1033 4496; x_wconf 88' lang='lat' dir='ltr'><strong>celebres</strong></span> <span class='ocrx_word' id='word_1_226' title='bbox 1069 4420 1225 4522; x_wconf 86' lang='lat' dir='ltr'><strong>alioquin</strong></span> <span class='ocrx_word' id='word_1_227' title='bbox 1260 4424 1433 4500; x_wconf 85' lang='lat' dir='ltr'><strong>Athenaei</strong></span> 
     </span>
     <span class='ocr_line' id='line_1_35' title="bbox 319 4531 1433 4644; baseline 0.008 -35"><span class='ocrx_word' id='word_1_228' title='bbox 319 4531 545 4612; x_wconf 76' lang='lat' dir='ltr'><strong>Alexandrini</strong></span> <span class='ocrx_word' id='word_1_229' title='bbox 562 4535 748 4635; x_wconf 87' lang='lat' dir='ltr'><strong>antistites,</strong></span> <span class='ocrx_word' id='word_1_230' title='bbox 765 4561 829 4612; x_wconf 89' lang='lat' dir='ltr'><strong>ceu</strong></span> <span class='ocrx_word' id='word_1_231' title='bbox 848 4533 1050 4614; x_wconf 80' lang='lat' dir='ltr'><strong>surdatores</strong></span> <span class='ocrx_word' id='word_1_232' title='bbox 1067 4535 1216 4618; x_wconf 64' lang='lat' dir='ltr'><strong>Scitote</strong></span> <span class='ocrx_word' id='word_1_233' title='bbox 1231 4545 1433 4644; x_wconf 70' lang='lat' dir='ltr'><strong>eupiticae,</strong></span> 
     </span>
    </p>
   </div>
   <div class='ocr_carea' id='block_1_5' title="bbox 0 0 1618 5166">
    <p class='ocr_par' dir='ltr' id='par_1_8' title="bbox 0 0 1618 5166">
     <span class='ocr_line' id='line_1_36' title="bbox 0 0 1618 5166; baseline 0 0"><span class='ocrx_word' id='word_1_234' title='bbox 0 0 1618 5166; x_wconf 95' lang='lat' dir='ltr'><strong> </strong></span> 
     </span>
    </p>
   </div>
  </div>
 </body>
</html>
