3264 5194
1248 347 1309 424 151

208 472 239 543 si
263 483 462 572 spectemus
487 465 648 544 dolorem
672 465 1008 570 supm·orbitslem·,
1032 465 1202 544 annulum
1227 467 1315 544 albi-

207 589 294 664 dum
319 615 485 665 corneam
517 589 743 692 cingentem,
778 599 885 688 etque
919 586 1121 686 epumulam
1154 609 1317 662 mucoso·

206 735 439 811 saporruceam
463 712 561 810 juxta
585 707 759 806 margines
784 704 1032 809 palpebrarum
1056 718 1236 779 secretam.
1253 707 1320 780 De·

206 828 352 902 fuerunt
376 839 494 899 autem
519 823 735 919 essentialia,
755 849 845 926 quse
870 847 935 897 nos
960 807 1005 896 de
1028 847 1195 922 processu
1219 821 1319 922 phlo-

208 945 332 1043 gistico
361 943 399 1015 in
429 939 518 1016 iride
549 943 760 1017 convincere
795 941 1020 1042 potuissent,
1056 953 1321 1041 symptomata,

208 1061 261 1134 uti
285 1057 388 1135 dolor
412 1059 623 1154 continuus,
638 1057 763 1133 coloris
787 1059 918 1134 intenti
942 1082 1084 1158 sensus,
1105 1053 1202 1133 color
1222 1057 1321 1134 iridis

207 1193 392 1275 mutatus,
415 1191 522 1280 etque
547 1175 690 1252 effectus
719 1175 976 1279 hypoclepseos
1004 1173 1320 1278 lymphatico-pls·
1381 1243 1384 1250 .

206 1299 343 1391 succe,
366 1300 467 1397 cujus
493 1295 602 1396 gretie
632 1293 737 1368 lentis
768 1293 911 1396 capsula
939 1317 1023 1367 cum
1053 1317 1144 1368 urea
1175 1315 1321 1370 concre-

207 1415 284 1488 scit
308 1453 360 1470 -
383 1411 532 1510 Rubor,
555 1438 628 1514 quo
652 1411 804 1486 dolentis
828 1411 924 1501 oculi
952 1411 1217 1513 conjunctivam
1245 1407 1320 1485 sul·
1478 1471 1483 1481 ,

206 1531 324 1604 lusam
348 1527 605 1626 cernebamus,
628 1529 747 1630 potius
771 1553 838 1631 pro
862 1523 989 1602 effectu
1018 1525 1226 1602 secundario
1249 1553 1322 1601 ere-

206 1647 356 1743 tbismi,
380 1661 417 1721 et
440 1645 573 1722 doloris
603 1644 777 1722 declarari
811 1643 944 1720 debuit
979 1643 1104 1746 Neque
1139 1642 1228 1720 levis
1261 1642 1321 1718 ille

206 1767 479 1870 symphoreseos
504 1779 637 1862 status,
652 1755 714 1868 qui
739 1788 882 1842 omnem
899 1763 1059 1840 dolorem
1075 1762 1322 1842 vehementem

207 1883 424 1980 comitatur,
446 1893 485 1958 et
507 1905 616 1985 quem
639 1879 789 1984 proinde
813 1883 852 1956 in
875 1879 1104 1956 nerrilemete
1127 1903 1320 1956 nervorum

208 1999 408 2096 silianum,
431 2013 469 2075 et
491 2001 726 2102 propaginum
750 1996 860 2101 primi·
881 1999 972 2073 remi
991 2001 1086 2101 peris
1111 1997 1226 2100 quinti
1241 2023 1322 2100 sup·

206 2143 340 2220 ponere
365 2113 417 2190 fos
442 2129 540 2214 erat,
562 2115 796 2191 sufficientem
819 2139 887 2219 pro
910 2115 1080 2191 methodo
1108 2114 1321 2218 antiphlogi-

207 2234 296 2310 'stica
320 2233 572 2310 indicationem
595 2231 842 2336 praebuissem
865 2231 1078 2336 experientia
1102 2234 1199 2308 enim
1222 2259 1321 2309 com·

205 2369 349 2458 portum
372 2351 572 2450 babemus,
595 2351 768 2427 similibus
791 2353 831 2427 in
855 2351 993 2427 casibus
1017 2349 1321 2454 hypereretbiseos

210 2489 389 2552 tormenta
413 2473 578 2562 dolorum
602 2497 646 2550 eo
674 2471 853 2550 acerbiora
889 2474 991 2570 fieri,
1020 2496 1134 2574 eoque
1166 2469 1323 2573 rapidius

205 2593 246 2667 in
269 2589 449 2695 paralysin
473 2613 602 2687 ruere,
623 2615 697 2694 quo
720 2592 831 2693 magis
860 2591 1078 2666 motationis
1108 2587 1322 2664 debilitantie

206 2735 276 2812 ope
299 2707 450 2809 languor
472 2707 654 2806 directus,
677 2723 715 2784 et
737 2735 893 2784 unacum
916 2711 985 2784 isto
1001 2707 1210 2783 erethismus
1229 2731 1322 2792 more

206 2825 314 2900 bosus
338 2823 546 2900 intenditur.
569 2825 731 2899 Eandem
747 2827 854 2926 igitur
870 2826 1111 2927 unusquisque
1134 2823 1322 2926 perspiciet

206 2941 441 3017 differentium
473 2941 567 3015 inter
590 2941 750 3016 lritidem
780 2940 1037 3016 rheumaticam
1071 2954 1108 3016 et
1142 2937 1321 3042 Ophthat·
1373 2929 1378 2946 ’

208 3057 417 3158 modynism
451 3056 876 3133 rheumatico-nervosam
909 3055 1078 3154 subesse,
1105 3081 1197 3159 quse
1226 3057 1320 3128 inter

205 3173 514 3276 Encephalitidem
545 3189 583 3250 et
616 3175 879 3278 Cephalalgiom
915 3175 1074 3279 ejusdem
1107 3175 1319 3252 characteris

208 3289 348 3366 admitti
372 3292 569 3368 uaesano
593 3291 708 3368 debet.

448 3485 835 3628 Decembris.
895 3489 1084 3678 1817.

611 3745 795 3802 fimus·
907 3745 1051 3802 emm·
1113 3739 1279 3818 symm·

925 3844 1246 3870 mm

203 3918 366 3995 Altitudo
378 3919 662 4009 maximam-l-
677 3917 711 3994 6.
748 3943 782 3994 o.
820 3919 948 4011 posted.
984 3917 1018 3994 3.
1054 3917 1089 3993 8.
1123 3915 1257 4017 vuol.

205 4033 708 4112 Altitudorrriuima.n—-5.
744 4037 778 4112 3.
845 4041 945 4140 2327.
985 4061 1018 4110 2.
1056 4059 1090 4136 7.
1165 4060 1255 4137 ”7¹⁶

209 4152 775 4243 Altitudomedis..n4.r.32.
841 4178 940 4258 ιη.
978 4151 1013 4227 5.
1052 4178 1086 4255 7.
1160 4150 1317 4228 „esec

208 4269 426 4347 Viciesitudo
450 4271 602 4345 maxime
670 4297 702 4374 7.
741 4273 775 4347 3.
907 4295 941 4346 o.
979 4269 1012 4365 4.
1048 4271 1082 4364 4.
1200 4267 1253 4344 13.

225 4388 603 4491 intranycthemerum
642 4395 830 4468 (suetae)
914 4393 1103 4466 (sslifflfll
1169 4391 1279 4465 (Μ)

208 4503 318 4580 Venti
343 4503 577 4600 dominantem
603 4499 764 4586 Favonu
