3264 5194
1247 381 1317 456 nt

205 496 278 574 bra.
303 499 381 574 lam
404 498 443 573 in
468 497 551 574 anni
578 511 760 598 tempore,
783 507 820 570 et
850 497 1018 602 potentiis
1050 491 1322 575 cosmo-telluri·

205 618 275 713 cis,
299 643 390 720 quac
416 641 571 690 unacum
595 611 666 696 illo,
689 612 928 712 evolvuntur,
956 617 1134 722 sufficiens
1169 615 1322 690 habetur

204 738 311 833 ratic,
335 762 401 809 cur
429 757 614 836 processus
645 729 856 806 evolationis
887 735 1070 832 organicae
1104 732 1143 807 in
1171 734 1322 834 plantis,
1403 771 1404 776 ,

145 883 150 889 ·
201 879 315 955 aeque
339 879 382 927 ac
406 853 444 924 in
469 848 678 924 animalibus
695 875 816 923 rursus
833 849 961 924 emicet
976 865 1013 924 ct
1033 851 1254 948 intendatur,
1268 893 1319 910 -·-

205 997 270 1044 cur
294 969 481 1043 efficientia
507 964 717 1068 expansiva,
740 967 854 1042 indies
879 983 1057 1043 crescente
1089 969 1177 1068 Solis
1207 971 1321 1070 irnpe-

204 1091 279 1186 rio,
301 1115 367 1190 per
389 1090 594 1162 universum
618 1087 798 1188 potentior
820 1087 974 1184 reddita,
1004 1102 1144 1162 motum
1174 1087 1320 1163 vitalem

205 1235 226 1282 a
251 1223 373 1282 centro
389 1233 511 1284 versus
527 1205 763 1307 peripheriam
775 1205 924 1280 alacrius
941 1208 1115 1302 concitet,
1132 1233 1173 1280 ac
1190 1207 1227 1280 in
1245 1205 1323 1280 lini·

205 1326 299 1397 tinus
324 1325 481 1424 corporis
504 1321 665 1424 partibus
689 1324 808 1397 nisum
838 1325 1076 1422 vegetativum
1111 1323 1205 1398 ultra
1240 1347 1319 1399 mo-

204 1442 292 1516 dnm
315 1441 497 1538 intendat,
520 1440 616 1514 unde
644 1465 803 1542 gemmae
831 1442 870 1514 in
906 1440 1055 1543 plantis,
1089 1441 1319 1543 cotyledonea

202 1562 241 1634 in
265 1560 477 1657 seminibus,
501 1558 658 1633 lichenes
681 1559 720 1632 in
751 1557 962 1656 corticibus,
991 1573 1028 1632 et
1057 1557 1194 1636 flosculi
1223 1585 1320 1634 mor·

202 1676 281 1753 bosi
305 1680 344 1752 in
368 1689 450 1752 cute
475 1677 672 1752 hominum.
703 1676 794 1751 Sunt
829 1691 948 1750 autem
980 1673 1068 1751 aliae
1098 1674 1216 1751 adlruc
1252 1679 1320 1751 cir-

206 1797 459 1892 cumstantiae,
484 1807 520 1868 et
544 1792 690 1894 quidem
713 1817 811 1867 mere
835 1793 985 1890 locales,
1003 1797 1056 1868 uti
1073 1793 1319 1895 atmosplraera

206 1911 373 2012 humida,
397 1907 556 2014 neglecta
580 1915 787 1988 vicenorum
811 1913 1026 2010 mundities,
1041 1928 1147 2015 atque
1169 1915 1321 1988 maxime

206 2030 439 2105 contubernia
464 2029 675 2128 stabularia,
698 2053 789 2132 quae
805 2053 879 2106 non
899 2031 1008 2106 modo
1033 2031 1322 2107 exanthematum

203 2149 298 2224 ortui
322 2147 464 2243 favent,
487 2169 614 2224 verum
638 2161 676 2222 ct
700 2148 943 2248 contagiosum
973 2149 1023 2222 cis
1058 2149 1238 2250 impertire
1263 2157 1319 2252 ju·

202 2281 289 2343 vent
312 2264 504 2368 ingenium.

251 2385 429 2460 Bovilium
456 2383 533 2458 talis
559 2409 635 2460 esse
659 2383 751 2459 solet
774 2385 990 2458 constructio
1015 2395 1053 2458 et
1076 2386 1257 2484 angustia,
1276 2399 1319 2458 ut

202 2507 292 2580 a‘c'ris
316 2505 550 2580 necessariam
574 2505 841 2582 renovationem
865 2525 1010 2608 prorsus
1026 2503 1230 2602 excludant,
1247 2529 1316 2605 qua

200 2623 309 2699 dere
334 2649 407 2698 unc
432 2623 563 2696 intuitu
598 2621 772 2724 pabulum
807 2623 921 2718 vitae,
946 2625 1020 2697 sive
1044 2625 1258 2724 oxygenium
1297 2649 1317 2696 a

200 2739 414 2842 pecudibus,
448 2753 485 2814 et
522 2741 736 2813 rusticorum
761 2737 903 2814 familiis
929 2753 1003 2814 tota
1039 2738 1096 2813 die
1132 2738 1183 2812 ibi
1219 2765 1318 2814 com-

199 2856 424 2931 morantibus
449 2869 700 2954 consumtum,
734 2870 771 2931 et
801 2881 876 2930 non
909 2857 1137 2952 resarcitum,
1171 2855 1239 2928 alia
1275 2881 1319 2930 ex

200 2991 301 3077 parte
325 2969 467 3050 effluria
493 2977 775 3074 conviventium,
795 3001 990 3077 eorumque
1013 2991 1318 3051 excrementomm

201 3091 425 3171 adcumulata
443 3121 516 3169 non
532 3111 695 3197 possunt,
711 3099 799 3198 quin
815 3097 1020 3198 pestiferam
1035 3095 1187 3170 reddant
1204 3111 1316 3171 atmo-

199 3212 397 3315 sphaeram
422 3214 555 3286 Evenit
578 3212 642 3286 tali
666 3227 795 3314 pacto,
824 3215 923 3316 quod
952 3237 1136 3315 processus
1160 3214 1318 3290 morbosi

199 3353 266 3433 per·
289 3355 327 3404 se
351 3327 509 3405 insontes
534 3332 652 3406 nisum
668 3333 706 3405 in
722 3330 955 3434 liquationem
971 3331 1202 3429 contrahant,
1219 3359 1318 3408 cam-

200 3475 270 3550 que
295 3448 446 3524 subeant
469 3448 694 3546 metallartin,
719 3475 810 3551 quae
836 3449 1039 3524 extricando
1057 3449 1171 3524 fomiti
1197 3465 1318 3524 conta-

199 3569 298 3666 gioso
323 3567 444 3667 lavet,
467 3609 518 3627 -
542 3567 602 3643 rel
624 3567 724 3670 quod
747 3551 893 3642 latentia
924 3581 960 3642 et
990 3569 1129 3667 ignavia
1160 3569 1318 3667 germina

198 3685 284 3761 mali
308 3685 417 3761 moris
443 3684 511 3760 sub
535 3713 711 3763 concursu
736 3686 863 3762 caloris
888 3686 1101 3788 aequabilis,
1125 3687 1266 3786 udcris,
1282 3703 1319 3762 et

198 3803 402 3906 meplritidis
429 3801 591 3878 animalis
615 3805 860 3903 vivificentur,
884 3829 925 3878 ac
943 3801 1235 3900 disseminentur,
1260 3831 1316 3877 ar-

199 3921 329 3995 mentis
354 3945 486 4023 aetpue,
516 3945 558 3994 ac
595 3919 820 4018 hominibus,
861 3935 898 3996 ct
934 3922 1087 3996 maxime
1121 3921 1316 3995 infantibus

199 4041 418 4138 contagiosus
443 4037 630 4113 inserendo
651 4037 737 4112 lues.
763 4040 846 4113 Rari
862 4051 948 4113 sunt
967 4039 1072 4134 anni,
1088 4037 1216 4138 quibus
1236 4063 1317 4111 rere

198 4159 343 4232 ineunte
371 4184 452 4259 ager
476 4155 674 4232 Ticinensis
699 4155 744 4232 ab
775 4157 874 4234 omni
908 4157 1016 4260 hujus
1051 4155 1187 4257 genens
1221 4155 1318 4229 malo

198 4279 366 4354 immunis
395 4293 540 4377 manet,
569 4303 665 4352 nunc
701 4279 797 4354 enim
832 4277 967 4382 typhus
999 4273 1318 4372 exanthematieus,

197 4423 294 4472 nurrc
318 4395 523 4497 morbillus,
546 4397 752 4497 scarlatina,
777 4399 881 4473 tussis
907 4395 1134 4494 convulsiva,
1159 4419 1255 4470 nunc
1280 4411 1318 4470 et

197 4517 271 4619 ipsa
297 4517 431 4596 variola
456 4517 659 4646 extemplo
682 4533 790 4626 caput
814 4517 1184 4622 extollunt,quorum
1201 4519 1314 4623 prima
