<?xml version="1.0" encoding="UTF-8"?>
<!DOCTYPE html PUBLIC "-//W3C//DTD XHTML 1.0 Transitional//EN"
    "http://www.w3.org/TR/xhtml1/DTD/xhtml1-transitional.dtd">
<html xmlns="http://www.w3.org/1999/xhtml" xml:lang="en" lang="en">
 <head>
  <title>
</title>
<meta http-equiv="Content-Type" content="text/html;charset=utf-8" />
  <meta name='ocr-system' content='tesseract 3.04.00' />
  <meta name='ocr-capabilities' content='ocr_page ocr_carea ocr_par ocr_line ocrx_word'/>
</head>
<body>
  <div class='ocr_page' id='page_1' title='image "./annalesscholaec00hildgoog_0167.png"; bbox 0 0 3264 5194; ppageno 0'>
   <div class='ocr_carea' id='block_1_1' title="bbox 152 264 1306 4476">
    <p class='ocr_par' dir='ltr' id='par_1_1' title="bbox 152 264 1306 4476">
     <span class='ocr_line' id='line_1_1' title="bbox 1232 264 1300 358; baseline 0 -18"><span class='ocrx_word' id='word_1_1' title='bbox 1232 264 1300 358; x_wconf 66' lang='lat'><strong>143</strong></span> 
     </span>
     <span class='ocr_line' id='line_1_2' title="bbox 196 381 1303 488; baseline -0.007 -26"><span class='ocrx_word' id='word_1_2' title='bbox 196 413 281 488; x_wconf 86' lang='lat' dir='ltr'><strong>gens</strong></span> <span class='ocrx_word' id='word_1_3' title='bbox 304 385 469 462; x_wconf 86' lang='lat' dir='ltr'><strong>brumam</strong></span> <span class='ocrx_word' id='word_1_4' title='bbox 492 381 619 464; x_wconf 79' lang='lat' dir='ltr'><strong>muber</strong></span> <span class='ocrx_word' id='word_1_5' title='bbox 653 383 871 462; x_wconf 85' lang='lat' dir='ltr'><strong>rheumatico</strong></span> <span class='ocrx_word' id='word_1_6' title='bbox 906 383 952 462; x_wconf 92' lang='lat' dir='ltr'><strong>ad</strong></span> <span class='ocrx_word' id='word_1_7' title='bbox 986 409 1109 460; x_wconf 81' lang='lat' dir='ltr'><strong>coxam</strong></span> <span class='ocrx_word' id='word_1_8' title='bbox 1140 381 1303 458; x_wconf 79' lang='lat' dir='ltr'><strong>dextram</strong></span> 
     </span>
     <span class='ocr_line' id='line_1_3' title="bbox 195 483 1302 606; baseline 0 -28"><span class='ocrx_word' id='word_1_9' title='bbox 195 483 317 579; x_wconf 76' lang='lat' dir='ltr'><strong>dolore</strong></span> <span class='ocrx_word' id='word_1_10' title='bbox 341 504 544 606; x_wconf 89' lang='lat' dir='ltr'><strong>corripitur,</strong></span> <span class='ocrx_word' id='word_1_11' title='bbox 568 504 646 604; x_wconf 83' lang='lat' dir='ltr'><strong>qui,</strong></span> <span class='ocrx_word' id='word_1_12' title='bbox 670 501 754 578; x_wconf 85' lang='lat' dir='ltr'><strong>iicet</strong></span> <span class='ocrx_word' id='word_1_13' title='bbox 776 503 888 600; x_wconf 89' lang='lat' dir='ltr'><strong>mitis,</strong></span> <span class='ocrx_word' id='word_1_14' title='bbox 904 504 1014 578; x_wconf 82' lang='lat' dir='ltr'><strong>im&#39;mo</strong></span> <span class='ocrx_word' id='word_1_15' title='bbox 1029 483 1100 606; x_wconf 84' lang='lat' dir='ltr'><strong>per&#39;</strong></span> <span class='ocrx_word' id='word_1_16' title='bbox 1117 495 1302 578; x_wconf 71' lang='lat' dir='ltr'><strong>inte&#39;rvnlle</strong></span> 
     </span>
     <span class='ocr_line' id='line_1_4' title="bbox 195 619 1306 722; baseline -0.004 -24"><span class='ocrx_word' id='word_1_17' title='bbox 195 623 416 720; x_wconf 87' lang='lat' dir='ltr'><strong>mitissimus,</strong></span> <span class='ocrx_word' id='word_1_18' title='bbox 440 647 482 696; x_wconf 88' lang='lat' dir='ltr'><strong>ac</strong></span> <span class='ocrx_word' id='word_1_19' title='bbox 506 619 657 694; x_wconf 82' lang='lat' dir='ltr'><strong>membri</strong></span> <span class='ocrx_word' id='word_1_20' title='bbox 681 621 795 696; x_wconf 90' lang='lat' dir='ltr'><strong>motui</strong></span> <span class='ocrx_word' id='word_1_21' title='bbox 819 620 931 696; x_wconf 90' lang='lat' dir='ltr'><strong>libero</strong></span> <span class='ocrx_word' id='word_1_22' title='bbox 955 645 1029 694; x_wconf 93' lang='lat' dir='ltr'><strong>non</strong></span> <span class='ocrx_word' id='word_1_23' title='bbox 1045 621 1215 717; x_wconf 86' lang='lat' dir='ltr'><strong>renitens,</strong></span> <span class='ocrx_word' id='word_1_24' title='bbox 1239 645 1306 722; x_wconf 89' lang='lat' dir='ltr'><strong>per</strong></span> 
     </span>
     <span class='ocr_line' id='line_1_5' title="bbox 195 737 1302 842; baseline -0.001 -27"><span class='ocrx_word' id='word_1_25' title='bbox 195 741 285 816; x_wconf 92' lang='lat' dir='ltr'><strong>duos</strong></span> <span class='ocrx_word' id='word_1_26' title='bbox 309 739 419 814; x_wconf 83' lang='lat' dir='ltr'><strong>ierme</strong></span> <span class='ocrx_word' id='word_1_27' title='bbox 444 765 555 814; x_wconf 88' lang='lat' dir='ltr'><strong>annos</strong></span> <span class='ocrx_word' id='word_1_28' title='bbox 579 765 719 842; x_wconf 78' lang='lat' dir='ltr'>semper</span> <span class='ocrx_word' id='word_1_29' title='bbox 742 739 858 814; x_wconf 89' lang='lat' dir='ltr'><strong>eidem</strong></span> <span class='ocrx_word' id='word_1_30' title='bbox 882 739 1012 814; x_wconf 88' lang='lat' dir='ltr'><strong>insedit</strong></span> <span class='ocrx_word' id='word_1_31' title='bbox 1029 737 1118 814; x_wconf 90' lang='lat' dir='ltr'><strong>loco.</strong></span> <span class='ocrx_word' id='word_1_32' title='bbox 1134 741 1238 814; x_wconf 83' lang='lat' dir='ltr'><strong>Anno</strong></span> <span class='ocrx_word' id='word_1_33' title='bbox 1254 737 1302 814; x_wconf 79' lang='grc'><strong>53</strong></span> 
     </span>
     <span class='ocr_line' id='line_1_6' title="bbox 193 853 1304 962; baseline -0.002 -30"><span class='ocrx_word' id='word_1_34' title='bbox 193 857 330 933; x_wconf 87' lang='lat' dir='ltr'><strong>medios</strong></span> <span class='ocrx_word' id='word_1_35' title='bbox 353 858 447 962; x_wconf 84' lang='lat' dir='ltr'><strong>inter</strong></span> <span class='ocrx_word' id='word_1_36' title='bbox 470 855 605 957; x_wconf 86' lang='lat' dir='ltr'><strong>algores</strong></span> <span class='ocrx_word' id='word_1_37' title='bbox 629 855 836 960; x_wconf 83' lang='lat' dir='ltr'><strong>hybernus,</strong></span> <span class='ocrx_word' id='word_1_38' title='bbox 859 856 904 932; x_wconf 90' lang='lat' dir='ltr'><strong>ab</strong></span> <span class='ocrx_word' id='word_1_39' title='bbox 929 883 1013 932; x_wconf 81' lang='lat' dir='ltr'><strong>eura</strong></span> <span class='ocrx_word' id='word_1_40' title='bbox 1039 853 1189 958; x_wconf 70' lang='lat' dir='ltr'><strong>frigida,</strong></span> <span class='ocrx_word' id='word_1_41' title='bbox 1213 879 1304 956; x_wconf 85' lang='lat' dir='ltr'><strong>quae</strong></span> 
     </span>
     <span class='ocr_line' id='line_1_7' title="bbox 194 961 1302 1074; baseline -0.005 -24"><span class='ocrx_word' id='word_1_42' title='bbox 194 961 286 1051; x_wconf 81' lang='lat' dir='ltr'><strong>forta</strong></span> <span class='ocrx_word' id='word_1_43' title='bbox 309 973 497 1050; x_wconf 86' lang='lat' dir='ltr'><strong>sudantem</strong></span> <span class='ocrx_word' id='word_1_44' title='bbox 521 973 681 1074; x_wconf 83' lang='lat' dir='ltr'><strong>afflarat,</strong></span> <span class='ocrx_word' id='word_1_45' title='bbox 704 975 922 1055; x_wconf 83' lang='lat' dir='ltr'><strong>tormentum</strong></span> <span class='ocrx_word' id='word_1_46' title='bbox 953 971 1109 1050; x_wconf 83' lang='lat' dir='ltr'><strong>excritur</strong></span> <span class='ocrx_word' id='word_1_47' title='bbox 1143 973 1302 1046; x_wconf 74' lang='lat' dir='ltr'><strong>nemsi·</strong></span> 
     </span>
     <span class='ocr_line' id='line_1_8' title="bbox 192 1087 1302 1200; baseline -0.002 -34"><span class='ocrx_word' id='word_1_48' title='bbox 192 1117 294 1166; x_wconf 91' lang='lat' dir='ltr'><strong>mum</strong></span> <span class='ocrx_word' id='word_1_49' title='bbox 317 1091 356 1166; x_wconf 91' lang='lat' dir='ltr'><strong>in</strong></span> <span class='ocrx_word' id='word_1_50' title='bbox 380 1089 485 1167; x_wconf 90' lang='lat' dir='ltr'><strong>oculo</strong></span> <span class='ocrx_word' id='word_1_51' title='bbox 508 1089 654 1190; x_wconf 84' lang='lat' dir='ltr'><strong>dextro,</strong></span> <span class='ocrx_word' id='word_1_52' title='bbox 677 1091 724 1171; x_wconf 86' lang='lat' dir='ltr'><strong>ad</strong></span> <span class='ocrx_word' id='word_1_53' title='bbox 737 1091 919 1200; x_wconf 83' lang='lat' dir='ltr'><strong>¹orbitam,</strong></span> <span class='ocrx_word' id='word_1_54' title='bbox 937 1117 1083 1192; x_wconf 86' lang='lat' dir='ltr'><strong>genam,</strong></span> <span class='ocrx_word' id='word_1_55' title='bbox 1098 1103 1135 1164; x_wconf 85' lang='lat' dir='ltr'><strong>et</strong></span> <span class='ocrx_word' id='word_1_56' title='bbox 1157 1087 1302 1190; x_wconf 81' lang='lat' dir='ltr'><strong>bregrua</strong></span> 
     </span>
     <span class='ocr_line' id='line_1_9' title="bbox 192 1203 1300 1310; baseline 0 -30"><span class='ocrx_word' id='word_1_57' title='bbox 192 1205 351 1308; x_wconf 83' lang='lat' dir='ltr'><strong>ejusdem</strong></span> <span class='ocrx_word' id='word_1_58' title='bbox 374 1205 492 1282; x_wconf 82' lang='lat' dir='ltr'><strong>lateris</strong></span> <span class='ocrx_word' id='word_1_59' title='bbox 516 1206 706 1308; x_wconf 72' lang='lat' dir='ltr'><strong>anuum,</strong></span> <span class='ocrx_word' id='word_1_60' title='bbox 729 1207 827 1310; x_wconf 84' lang='lat' dir='ltr'><strong>qnod</strong></span> <span class='ocrx_word' id='word_1_61' title='bbox 851 1205 1093 1284; x_wconf 87' lang='lat' dir='ltr'><strong>musculorum</strong></span> <span class='ocrx_word' id='word_1_62' title='bbox 1117 1205 1217 1281; x_wconf 79' lang='lat' dir='ltr'><strong>faciei</strong></span> <span class='ocrx_word' id='word_1_63' title='bbox 1244 1203 1300 1280; x_wconf 88' lang='lat' dir='ltr'><strong>di·</strong></span> 
     </span>
     <span class='ocr_line' id='line_1_10' title="bbox 191 1323 1302 1428; baseline 0 -28"><span class='ocrx_word' id='word_1_64' title='bbox 191 1327 407 1424; x_wconf 84' lang='lat' dir='ltr'><strong>stentionee,</strong></span> <span class='ocrx_word' id='word_1_65' title='bbox 431 1325 611 1426; x_wconf 86' lang='lat' dir='ltr'><strong>caligatio,</strong></span> <span class='ocrx_word' id='word_1_66' title='bbox 627 1341 664 1402; x_wconf 87' lang='lat' dir='ltr'><strong>et</strong></span> <span class='ocrx_word' id='word_1_67' title='bbox 687 1339 927 1428; x_wconf 82' lang='lat' dir='ltr'><strong>marmarygae</strong></span> <span class='ocrx_word' id='word_1_68' title='bbox 944 1323 1211 1404; x_wconf 71' lang='lat' dir='ltr'><strong>comitabantur.</strong></span> <span class='ocrx_word' id='word_1_69' title='bbox 1229 1323 1302 1416; x_wconf 80' lang='lat' dir='ltr'><strong>Qui</strong></span> 
     </span>
     <span class='ocr_line' id='line_1_11' title="bbox 190 1441 1300 1545; baseline -0.003 -29"><span class='ocrx_word' id='word_1_70' title='bbox 190 1456 410 1545; x_wconf 85' lang='lat' dir='ltr'><strong>postpauca</strong></span> <span class='ocrx_word' id='word_1_71' title='bbox 435 1457 614 1518; x_wconf 87' lang='lat' dir='ltr'><strong>momenta</strong></span> <span class='ocrx_word' id='word_1_72' title='bbox 646 1445 839 1541; x_wconf 86' lang='lat' dir='ltr'><strong>conticuit,</strong></span> <span class='ocrx_word' id='word_1_73' title='bbox 868 1441 996 1540; x_wconf 91' lang='lat' dir='ltr'><strong>dolor,</strong></span> <span class='ocrx_word' id='word_1_74' title='bbox 1025 1465 1180 1515; x_wconf 90' lang='lat' dir='ltr'><strong>unacum</strong></span> <span class='ocrx_word' id='word_1_75' title='bbox 1209 1453 1300 1514; x_wconf 79' lang='lat' dir='ltr'><strong>tem·</strong></span> 
     </span>
     <span class='ocr_line' id='line_1_12' title="bbox 189 1555 1299 1662; baseline 0.002 -28"><span class='ocrx_word' id='word_1_76' title='bbox 189 1561 328 1662; x_wconf 75' lang='lat' dir='ltr'><strong>porario</strong></span> <span class='ocrx_word' id='word_1_77' title='bbox 352 1560 448 1636; x_wconf 87' lang='lat' dir='ltr'><strong>visus</strong></span> <span class='ocrx_word' id='word_1_78' title='bbox 472 1559 708 1658; x_wconf 83' lang='lat' dir='ltr'><strong>hebetudine,</strong></span> <span class='ocrx_word' id='word_1_79' title='bbox 731 1559 849 1636; x_wconf 87' lang='lat' dir='ltr'><strong>denuo</strong></span> <span class='ocrx_word' id='word_1_80' title='bbox 873 1557 1081 1654; x_wconf 80' lang='lat' dir='ltr'><strong>recanduit,</strong></span> <span class='ocrx_word' id='word_1_81' title='bbox 1104 1555 1299 1660; x_wconf 63' lang='lat' dir='ltr'><strong>majoribus</strong></span> 
     </span>
     <span class='ocr_line' id='line_1_13' title="bbox 190 1673 1300 1778; baseline -0.001 -27"><span class='ocrx_word' id='word_1_82' title='bbox 190 1675 257 1751; x_wconf 92' lang='lat' dir='ltr'><strong>sub</strong></span> <span class='ocrx_word' id='word_1_83' title='bbox 282 1676 450 1774; x_wconf 89' lang='lat' dir='ltr'><strong>initium,</strong></span> <span class='ocrx_word' id='word_1_84' title='bbox 473 1675 700 1778; x_wconf 87' lang='lat' dir='ltr'><strong>postmodum</strong></span> <span class='ocrx_word' id='word_1_85' title='bbox 730 1677 950 1754; x_wconf 84' lang='lat' dir='ltr'><strong>brevioribus</strong></span> <span class='ocrx_word' id='word_1_86' title='bbox 986 1675 1136 1754; x_wconf 83' lang='lat' dir='ltr'><strong>induciis</strong></span> <span class='ocrx_word' id='word_1_87' title='bbox 1170 1673 1300 1750; x_wconf 86' lang='lat' dir='ltr'><strong>relictis</strong></span> 
     </span>
     <span class='ocr_line' id='line_1_14' title="bbox 190 1783 1299 1900; baseline 0.004 -32"><span class='ocrx_word' id='word_1_88' title='bbox 190 1797 270 1892; x_wconf 83' lang='lat' dir='ltr'><strong>ita,</strong></span> <span class='ocrx_word' id='word_1_89' title='bbox 294 1810 335 1870; x_wconf 91' lang='lat' dir='ltr'><strong>ut</strong></span> <span class='ocrx_word' id='word_1_90' title='bbox 358 1796 513 1895; x_wconf 83' lang='lat' dir='ltr'><strong>trigesies</strong></span> <span class='ocrx_word' id='word_1_91' title='bbox 538 1809 575 1870; x_wconf 90' lang='lat' dir='ltr'><strong>et</strong></span> <span class='ocrx_word' id='word_1_92' title='bbox 598 1795 690 1872; x_wconf 89' lang='lat' dir='ltr'><strong>ultra</strong></span> <span class='ocrx_word' id='word_1_93' title='bbox 709 1783 935 1900; x_wconf 79' lang='lat' dir='ltr'><strong>nyctbemeri</strong></span> <span class='ocrx_word' id='word_1_94' title='bbox 958 1797 1073 1899; x_wconf 80' lang='lat' dir='ltr'><strong>spatio</strong></span> <span class='ocrx_word' id='word_1_95' title='bbox 1107 1795 1299 1898; x_wconf 87' lang='lat' dir='ltr'><strong>repetendo</strong></span> 
     </span>
     <span class='ocr_line' id='line_1_15' title="bbox 189 1913 1299 2016; baseline -0.002 -22"><span class='ocrx_word' id='word_1_96' title='bbox 189 1927 458 2014; x_wconf 79' lang='lat' dir='ltr'><strong>pennanentenr</strong></span> <span class='ocrx_word' id='word_1_97' title='bbox 482 1919 554 2016; x_wconf 83' lang='lat' dir='ltr'><strong>jam</strong></span> <span class='ocrx_word' id='word_1_98' title='bbox 577 1913 754 1992; x_wconf 82' lang='lat' dir='ltr'><strong>imluxerit</strong></span> <span class='ocrx_word' id='word_1_99' title='bbox 777 1917 872 1996; x_wconf 84' lang='lat' dir='ltr'><strong>visus</strong></span> <span class='ocrx_word' id='word_1_100' title='bbox 897 1915 1101 2016; x_wconf 78' lang='lat' dir='ltr'><strong>languorem</strong></span> <span class='ocrx_word' id='word_1_101' title='bbox 1124 1927 1162 1990; x_wconf 88' lang='lat' dir='ltr'><strong>et</strong></span> <span class='ocrx_word' id='word_1_102' title='bbox 1185 1927 1299 1992; x_wconf 89' lang='lat' dir='ltr'><strong>scoto·</strong></span> 
     </span>
     <span class='ocr_line' id='line_1_16' title="bbox 189 2027 1299 2133; baseline 0.001 -29"><span class='ocrx_word' id='word_1_103' title='bbox 189 2027 332 2104; x_wconf 86' lang='lat' dir='ltr'><strong>diniam</strong></span> <span class='ocrx_word' id='word_1_104' title='bbox 357 2029 473 2104; x_wconf 86' lang='lat' dir='ltr'><strong>Immo</strong></span> <span class='ocrx_word' id='word_1_105' title='bbox 497 2044 649 2108; x_wconf 83' lang='lat' dir='ltr'><strong>remotas</strong></span> <span class='ocrx_word' id='word_1_106' title='bbox 666 2057 807 2133; x_wconf 84' lang='lat' dir='ltr'><strong>quoquc</strong></span> <span class='ocrx_word' id='word_1_107' title='bbox 822 2046 939 2133; x_wconf 78' lang='lat' dir='ltr'><strong>partes</strong></span> <span class='ocrx_word' id='word_1_108' title='bbox 955 2035 993 2106; x_wconf 84' lang='lat' dir='ltr'><strong>in</strong></span> <span class='ocrx_word' id='word_1_109' title='bbox 1009 2033 1211 2112; x_wconf 82' lang='lat' dir='ltr'><strong>societatem</strong></span> <span class='ocrx_word' id='word_1_110' title='bbox 1234 2031 1299 2106; x_wconf 87' lang='lat' dir='ltr'><strong>ad·</strong></span> 
     </span>
     <span class='ocr_line' id='line_1_17' title="bbox 188 2147 1298 2252; baseline 0.005 -32"><span class='ocrx_word' id='word_1_111' title='bbox 188 2148 292 2223; x_wconf 89' lang='lat' dir='ltr'><strong>scivit</strong></span> <span class='ocrx_word' id='word_1_112' title='bbox 315 2147 486 2246; x_wconf 81' lang='lat' dir='ltr'><strong>morbus,</strong></span> <span class='ocrx_word' id='word_1_113' title='bbox 510 2163 660 2230; x_wconf 80' lang='lat' dir='ltr'><strong>testante</strong></span> <span class='ocrx_word' id='word_1_114' title='bbox 683 2151 942 2252; x_wconf 83' lang='lat' dir='ltr'><strong>inappetentia,</strong></span> <span class='ocrx_word' id='word_1_115' title='bbox 966 2177 1120 2248; x_wconf 84' lang='lat' dir='ltr'><strong>nausea,</strong></span> <span class='ocrx_word' id='word_1_116' title='bbox 1142 2151 1298 2226; x_wconf 84' lang='lat' dir='ltr'><strong>vomitu·</strong></span> 
     </span>
     <span class='ocr_line' id='line_1_18' title="bbox 187 2268 1298 2370; baseline 0.004 -28"><span class='ocrx_word' id='word_1_117' title='bbox 187 2268 340 2366; x_wconf 89' lang='lat' dir='ltr'><strong>ritione,</strong></span> <span class='ocrx_word' id='word_1_118' title='bbox 364 2281 400 2344; x_wconf 89' lang='lat' dir='ltr'><strong>et</strong></span> <span class='ocrx_word' id='word_1_119' title='bbox 424 2269 563 2350; x_wconf 87' lang='lat' dir='ltr'><strong>aurium</strong></span> <span class='ocrx_word' id='word_1_120' title='bbox 587 2269 728 2346; x_wconf 80' lang='lat' dir='ltr'><strong>tinnitu.</strong></span> <span class='ocrx_word' id='word_1_121' title='bbox 753 2269 945 2370; x_wconf 85' lang='lat' dir='ltr'><strong>Chirurgus</strong></span> <span class='ocrx_word' id='word_1_122' title='bbox 970 2269 1014 2344; x_wconf 91' lang='lat' dir='ltr'><strong>ab</strong></span> <span class='ocrx_word' id='word_1_123' title='bbox 1039 2295 1138 2370; x_wconf 89' lang='lat' dir='ltr'><strong>aegra</strong></span> <span class='ocrx_word' id='word_1_124' title='bbox 1165 2271 1298 2346; x_wconf 83' lang='lat' dir='ltr'><strong>accitus</strong></span> 
     </span>
     <span class='ocr_line' id='line_1_19' title="bbox 188 2383 1300 2490; baseline 0.002 -30"><span class='ocrx_word' id='word_1_125' title='bbox 188 2409 301 2460; x_wconf 87' lang='lat' dir='ltr'><strong>venae</strong></span> <span class='ocrx_word' id='word_1_126' title='bbox 323 2383 537 2468; x_wconf 85' lang='lat' dir='ltr'><strong>sectionibus</strong></span> <span class='ocrx_word' id='word_1_127' title='bbox 570 2400 609 2462; x_wconf 83' lang='lat' dir='ltr'><strong>&#39;et</strong></span> <span class='ocrx_word' id='word_1_128' title='bbox 641 2386 871 2490; x_wconf 82' lang='lat' dir='ltr'><strong>purgantibus</strong></span> <span class='ocrx_word' id='word_1_129' title='bbox 895 2387 1060 2485; x_wconf 87' lang='lat' dir='ltr'><strong>hostem,</strong></span> <span class='ocrx_word' id='word_1_130' title='bbox 1083 2387 1150 2490; x_wconf 91' lang='lat' dir='ltr'><strong>ipsi</strong></span> <span class='ocrx_word' id='word_1_131' title='bbox 1174 2385 1300 2490; x_wconf 87' lang='lat' dir='ltr'><strong>procul</strong></span> 
     </span>
     <span class='ocr_line' id='line_1_20' title="bbox 186 2492 1298 2606; baseline 0.003 -28"><span class='ocrx_word' id='word_1_132' title='bbox 186 2503 295 2580; x_wconf 89' lang='lat' dir='ltr'><strong>dubio</strong></span> <span class='ocrx_word' id='word_1_133' title='bbox 318 2504 495 2604; x_wconf 87' lang='lat' dir='ltr'><strong>ignotum,</strong></span> <span class='ocrx_word' id='word_1_134' title='bbox 519 2492 717 2606; x_wconf 81' lang='lat' dir='ltr'><strong>adgressus,</strong></span> <span class='ocrx_word' id='word_1_135' title='bbox 746 2505 861 2580; x_wconf 91' lang='lat' dir='ltr'><strong>morbi</strong></span> <span class='ocrx_word' id='word_1_136' title='bbox 886 2519 1017 2584; x_wconf 83' lang='lat' dir='ltr'><strong>statum</strong></span> <span class='ocrx_word' id='word_1_137' title='bbox 1042 2531 1086 2580; x_wconf 90' lang='lat' dir='ltr'><strong>eo</strong></span> <span class='ocrx_word' id='word_1_138' title='bbox 1111 2505 1298 2606; x_wconf 83' lang='lat' dir='ltr'><strong>perduxit,</strong></span> 
     </span>
     <span class='ocr_line' id='line_1_21' title="bbox 186 2619 1297 2724; baseline 0.003 -31"><span class='ocrx_word' id='word_1_139' title='bbox 186 2635 228 2694; x_wconf 92' lang='lat' dir='ltr'><strong>ut</strong></span> <span class='ocrx_word' id='word_1_140' title='bbox 251 2645 408 2719; x_wconf 81' lang='lat' dir='ltr'><strong>organon</strong></span> <span class='ocrx_word' id='word_1_141' title='bbox 433 2619 610 2702; x_wconf 83' lang='lat' dir='ltr'><strong>adfectum</strong></span> <span class='ocrx_word' id='word_1_142' title='bbox 634 2623 728 2696; x_wconf 89' lang='lat' dir='ltr'><strong>intra</strong></span> <span class='ocrx_word' id='word_1_143' title='bbox 757 2647 898 2724; x_wconf 85' lang='lat' dir='ltr'><strong>paucas</strong></span> <span class='ocrx_word' id='word_1_144' title='bbox 925 2621 1163 2696; x_wconf 75' lang='lat' dir='ltr'><strong>hebdomadas</strong></span> <span class='ocrx_word' id='word_1_145' title='bbox 1198 2623 1297 2696; x_wconf 86' lang='lat' dir='ltr'><strong>omm&#39;</strong></span> 
     </span>
     <span class='ocr_line' id='line_1_22' title="bbox 185 2737 1295 2838; baseline 0.004 -28"><span class='ocrx_word' id='word_1_146' title='bbox 185 2737 265 2810; x_wconf 91' lang='lat' dir='ltr'><strong>lnce</strong></span> <span class='ocrx_word' id='word_1_147' title='bbox 289 2739 514 2838; x_wconf 81' lang='lat' dir='ltr'><strong>privaretur,</strong></span> <span class='ocrx_word' id='word_1_148' title='bbox 537 2763 609 2838; x_wconf 91' lang='lat' dir='ltr'><strong>quo</strong></span> <span class='ocrx_word' id='word_1_149' title='bbox 635 2738 728 2814; x_wconf 80' lang='lat' dir='ltr'><strong>sacto</strong></span> <span class='ocrx_word' id='word_1_150' title='bbox 762 2763 887 2812; x_wconf 88' lang='lat' dir='ltr'><strong>omnes</strong></span> <span class='ocrx_word' id='word_1_151' title='bbox 922 2751 1081 2814; x_wconf 86' lang='lat' dir='ltr'><strong>actutum</strong></span> <span class='ocrx_word' id='word_1_152' title='bbox 1110 2757 1295 2826; x_wconf 72' lang='lat' dir='ltr'><strong>¹cessavere</strong></span> 
     </span>
     <span class='ocr_line' id='line_1_23' title="bbox 185 2851 1295 2956; baseline 0.004 -30"><span class='ocrx_word' id='word_1_153' title='bbox 185 2852 391 2950; x_wconf 87' lang='lat' dir='ltr'><strong>molestiae,</strong></span> <span class='ocrx_word' id='word_1_154' title='bbox 414 2851 631 2934; x_wconf 85' lang='lat' dir='ltr'><strong>levidensem</strong></span> <span class='ocrx_word' id='word_1_155' title='bbox 661 2855 691 2928; x_wconf 91' lang='lat' dir='ltr'><strong>si</strong></span> <span class='ocrx_word' id='word_1_156' title='bbox 726 2855 903 2956; x_wconf 83' lang='lat' dir='ltr'><strong>exceperis</strong></span> <span class='ocrx_word' id='word_1_157' title='bbox 939 2851 1232 2956; x_wconf 74' lang='lat' dir='ltr'><strong>mynnebismum</strong></span> <span class='ocrx_word' id='word_1_158' title='bbox 1256 2857 1295 2930; x_wconf 90' lang='lat' dir='ltr'><strong>in</strong></span> 
     </span>
     <span class='ocr_line' id='line_1_24' title="bbox 185 2973 1297 3075; baseline 0.002 -27"><span class='ocrx_word' id='word_1_159' title='bbox 185 2975 301 3075; x_wconf 84' lang='lat' dir='ltr'><strong>capite</strong></span> <span class='ocrx_word' id='word_1_160' title='bbox 325 2975 558 3075; x_wconf 79' lang='lat' dir='ltr'><strong>superstitem.</strong></span> <span class='ocrx_word' id='word_1_161' title='bbox 584 2973 768 3050; x_wconf 87' lang='lat' dir='ltr'><strong>Sexdeoim</strong></span> <span class='ocrx_word' id='word_1_162' title='bbox 795 2999 933 3054; x_wconf 78' lang='lat' dir='ltr'><strong>menses</strong></span> <span class='ocrx_word' id='word_1_163' title='bbox 969 2975 1136 3074; x_wconf 81' lang='lat' dir='ltr'><strong>transegit</strong></span> <span class='ocrx_word' id='word_1_164' title='bbox 1169 2973 1297 3050; x_wconf 89' lang='lat' dir='ltr'><strong>mulier</strong></span> 
     </span>
     <span class='ocr_line' id='line_1_25' title="bbox 184 3089 1301 3194; baseline 0.002 -30"><span class='ocrx_word' id='word_1_165' title='bbox 184 3116 361 3192; x_wconf 82' lang='lat' dir='ltr'><strong>monops,</strong></span> <span class='ocrx_word' id='word_1_166' title='bbox 385 3092 472 3193; x_wconf 89' lang='lat' dir='ltr'><strong>quin</strong></span> <span class='ocrx_word' id='word_1_167' title='bbox 496 3091 628 3168; x_wconf 77' lang='lat' dir='ltr'><strong>racemi</strong></span> <span class='ocrx_word' id='word_1_168' title='bbox 653 3089 807 3194; x_wconf 89' lang='lat' dir='ltr'><strong>quodam</strong></span> <span class='ocrx_word' id='word_1_169' title='bbox 836 3091 1102 3172; x_wconf 84' lang='lat' dir='ltr'><strong>contristaretur</strong></span> <span class='ocrx_word' id='word_1_170' title='bbox 1135 3105 1266 3166; x_wconf 78' lang='lat' dir='ltr'><strong>euentu</strong></span> <span class='ocrx_word' id='word_1_171' title='bbox 1277 3145 1301 3188; x_wconf 83' lang='lat'><strong>,</strong></span> 
     </span>
     <span class='ocr_line' id='line_1_26' title="bbox 183 3207 1293 3314; baseline 0.004 -32"><span class='ocrx_word' id='word_1_172' title='bbox 183 3207 271 3284; x_wconf 91' lang='lat' dir='ltr'><strong>dum</strong></span> <span class='ocrx_word' id='word_1_173' title='bbox 294 3233 416 3282; x_wconf 86' lang='lat' dir='ltr'><strong>mense</strong></span> <span class='ocrx_word' id='word_1_174' title='bbox 437 3209 585 3310; x_wconf 75' lang='lat' dir='ltr'><strong>Augusti</strong></span> <span class='ocrx_word' id='word_1_175' title='bbox 615 3209 707 3314; x_wconf 75' lang='lat'>1817</span> <span class='ocrx_word' id='word_1_176' title='bbox 733 3235 853 3287; x_wconf 81' lang='lat' dir='ltr'><strong>rursus</strong></span> <span class='ocrx_word' id='word_1_177' title='bbox 887 3211 1037 3286; x_wconf 86' lang='lat' dir='ltr'><strong>tertiana</strong></span> <span class='ocrx_word' id='word_1_178' title='bbox 1067 3209 1173 3284; x_wconf 79' lang='lat' dir='ltr'><strong>febris</strong></span> <span class='ocrx_word' id='word_1_179' title='bbox 1209 3235 1293 3311; x_wconf 86' lang='lat' dir='ltr'><strong>pro·</strong></span> 
     </span>
     <span class='ocr_line' id='line_1_27' title="bbox 152 3327 1293 3432; baseline 0.004 -28"><span class='ocrx_word' id='word_1_180' title='bbox 152 3329 344 3431; x_wconf 78' lang='lat' dir='ltr'><strong>rumpit,</strong></span> <span class='ocrx_word' id='word_1_181' title='bbox 367 3327 522 3405; x_wconf 84' lang='lat' dir='ltr'><strong>decoctis</strong></span> <span class='ocrx_word' id='word_1_182' title='bbox 557 3331 684 3406; x_wconf 75' lang='lat' dir='ltr'><strong>amans</strong></span> <span class='ocrx_word' id='word_1_183' title='bbox 718 3331 884 3415; x_wconf 75' lang='lat' dir='ltr'><strong>citissime</strong></span> <span class='ocrx_word' id='word_1_184' title='bbox 918 3329 1045 3432; x_wconf 82' lang='lat' dir='ltr'><strong>iugata.</strong></span> <span class='ocrx_word' id='word_1_185' title='bbox 1079 3331 1143 3406; x_wconf 83' lang='lat' dir='ltr'><strong>Ast</strong></span> <span class='ocrx_word' id='word_1_186' title='bbox 1176 3330 1293 3408; x_wconf 85' lang='lat' dir='ltr'><strong>eheu!</strong></span> 
     </span>
     <span class='ocr_line' id='line_1_28' title="bbox 182 3445 1291 3552; baseline 0.005 -32"><span class='ocrx_word' id='word_1_187' title='bbox 182 3471 228 3520; x_wconf 85' lang='lat' dir='ltr'><strong>ne</strong></span> <span class='ocrx_word' id='word_1_188' title='bbox 251 3447 291 3520; x_wconf 91' lang='lat' dir='ltr'><strong>in</strong></span> <span class='ocrx_word' id='word_1_189' title='bbox 313 3445 423 3520; x_wconf 87' lang='lat' dir='ltr'><strong>hacce</strong></span> <span class='ocrx_word' id='word_1_190' title='bbox 447 3445 592 3549; x_wconf 88' lang='lat' dir='ltr'><strong>quidem</strong></span> <span class='ocrx_word' id='word_1_191' title='bbox 614 3447 791 3526; x_wconf 88' lang='lat' dir='ltr'><strong>malorum</strong></span> <span class='ocrx_word' id='word_1_192' title='bbox 814 3447 918 3532; x_wconf 83' lang='lat' dir='ltr'><strong>iliade</strong></span> <span class='ocrx_word' id='word_1_193' title='bbox 949 3449 1127 3552; x_wconf 87' lang='lat' dir='ltr'><strong>acquievit</strong></span> <span class='ocrx_word' id='word_1_194' title='bbox 1157 3451 1291 3551; x_wconf 90' lang='lat' dir='ltr'><strong>impro-</strong></span> 
     </span>
     <span class='ocr_line' id='line_1_29' title="bbox 182 3565 1292 3670; baseline 0.005 -31"><span class='ocrx_word' id='word_1_195' title='bbox 182 3565 248 3640; x_wconf 86' lang='lat' dir='ltr'><strong>bae</strong></span> <span class='ocrx_word' id='word_1_196' title='bbox 283 3565 468 3642; x_wconf 87' lang='lat' dir='ltr'><strong>Pandomc</strong></span> <span class='ocrx_word' id='word_1_197' title='bbox 504 3569 673 3670; x_wconf 82' lang='lat' dir='ltr'><strong>tyrannis.</strong></span> <span class='ocrx_word' id='word_1_198' title='bbox 717 3567 789 3643; x_wconf 91' lang='lat' dir='ltr'><strong>Sub</strong></span> <span class='ocrx_word' id='word_1_199' title='bbox 826 3569 934 3644; x_wconf 87' lang='lat' dir='ltr'><strong>finem</strong></span> <span class='ocrx_word' id='word_1_200' title='bbox 950 3601 954 3610; x_wconf 94' lang='lat'><em>·</em></span> <span class='ocrx_word' id='word_1_201' title='bbox 968 3567 1133 3644; x_wconf 86' lang='lat' dir='ltr'><strong>Octobris</strong></span> <span class='ocrx_word' id='word_1_202' title='bbox 1167 3568 1292 3644; x_wconf 87' lang='lat' dir='ltr'><strong>eadem</strong></span> 
     </span>
     <span class='ocr_line' id='line_1_30' title="bbox 181 3683 1291 3789; baseline 0 -29"><span class='ocrx_word' id='word_1_203' title='bbox 181 3683 326 3760; x_wconf 90' lang='lat' dir='ltr'><strong>oculum</strong></span> <span class='ocrx_word' id='word_1_204' title='bbox 341 3685 521 3760; x_wconf 82' lang='lat' dir='ltr'><strong>sinistrum</strong></span> <span class='ocrx_word' id='word_1_205' title='bbox 537 3686 673 3762; x_wconf 73' lang='lat' dir='ltr'><strong>mandit</strong></span> <span class='ocrx_word' id='word_1_206' title='bbox 688 3701 968 3789; x_wconf 84' lang='lat' dir='ltr'><strong>symptomatum</strong></span> <span class='ocrx_word' id='word_1_207' title='bbox 984 3685 1189 3789; x_wconf 82' lang='lat' dir='ltr'><strong>syndrome,</strong></span> <span class='ocrx_word' id='word_1_208' title='bbox 1200 3711 1291 3787; x_wconf 85' lang='lat' dir='ltr'><strong>quae</strong></span> 
     </span>
     <span class='ocr_line' id='line_1_31' title="bbox 182 3801 1290 3905; baseline 0.004 -31"><span class='ocrx_word' id='word_1_209' title='bbox 182 3803 335 3878; x_wconf 89' lang='lat' dir='ltr'><strong>triennio</strong></span> <span class='ocrx_word' id='word_1_210' title='bbox 359 3803 418 3877; x_wconf 83' lang='lat' dir='ltr'><strong>vix</strong></span> <span class='ocrx_word' id='word_1_211' title='bbox 443 3801 562 3905; x_wconf 85' lang='lat' dir='ltr'><strong>elapso</strong></span> <span class='ocrx_word' id='word_1_212' title='bbox 587 3802 700 3888; x_wconf 86' lang='lat' dir='ltr'><strong>dextri</strong></span> <span class='ocrx_word' id='word_1_213' title='bbox 725 3803 981 3880; x_wconf 81' lang='lat' dir='ltr'><strong>nobilissimum</strong></span> <span class='ocrx_word' id='word_1_214' title='bbox 1002 3829 1133 3879; x_wconf 89' lang='lat' dir='ltr'><strong>munus</strong></span> <span class='ocrx_word' id='word_1_215' title='bbox 1155 3803 1290 3878; x_wconf 87' lang='lat' dir='ltr'><strong>evertit.</strong></span> 
     </span>
     <span class='ocr_line' id='line_1_32' title="bbox 177 3917 1289 4024; baseline 0.002 -34"><span class='ocrx_word' id='word_1_216' title='bbox 177 3917 259 3990; x_wconf 66' lang='lat' dir='ltr'><strong>»Iam</strong></span> <span class='ocrx_word' id='word_1_217' title='bbox 283 3917 480 4010; x_wconf 59' lang='lat' dir='ltr'><strong>mumulo,</strong></span> <span class='ocrx_word' id='word_1_218' title='bbox 493 3921 616 4020; x_wconf 88' lang='lat' dir='ltr'><strong>viginti</strong></span> <span class='ocrx_word' id='word_1_219' title='bbox 638 3934 677 3996; x_wconf 83' lang='lat' dir='ltr'><strong>et</strong></span> <span class='ocrx_word' id='word_1_220' title='bbox 700 3935 853 4024; x_wconf 89' lang='lat' dir='ltr'><strong>quatuor</strong></span> <span class='ocrx_word' id='word_1_221' title='bbox 876 3921 1015 3998; x_wconf 87' lang='lat' dir='ltr'><strong>dierum</strong></span> <span class='ocrx_word' id='word_1_222' title='bbox 1038 3918 1146 3998; x_wconf 86' lang='lat' dir='ltr'><strong>talem</strong></span> <span class='ocrx_word' id='word_1_223' title='bbox 1176 3920 1289 3994; x_wconf 87' lang='lat' dir='ltr'><strong>saevi·</strong></span> 
     </span>
     <span class='ocr_line' id='line_1_33' title="bbox 180 4037 1288 4144; baseline 0 -32"><span class='ocrx_word' id='word_1_224' title='bbox 180 4039 265 4114; x_wconf 88' lang='lat' dir='ltr'><strong>tiem</strong></span> <span class='ocrx_word' id='word_1_225' title='bbox 289 4039 408 4142; x_wconf 86' lang='lat' dir='ltr'><strong>adepti</strong></span> <span class='ocrx_word' id='word_1_226' title='bbox 431 4055 516 4116; x_wconf 80' lang='lat' dir='ltr'><strong>sunt</strong></span> <span class='ocrx_word' id='word_1_227' title='bbox 549 4043 749 4140; x_wconf 88' lang='lat' dir='ltr'><strong>eruciatus,</strong></span> <span class='ocrx_word' id='word_1_228' title='bbox 785 4067 939 4144; x_wconf 88' lang='lat' dir='ltr'><strong>eumque</strong></span> <span class='ocrx_word' id='word_1_229' title='bbox 974 4041 1013 4114; x_wconf 87' lang='lat' dir='ltr'><strong>in</strong></span> <span class='ocrx_word' id='word_1_230' title='bbox 1046 4039 1193 4114; x_wconf 91' lang='lat' dir='ltr'><strong>modum</strong></span> <span class='ocrx_word' id='word_1_231' title='bbox 1224 4037 1288 4112; x_wconf 85' lang='lat' dir='ltr'><strong>irc·</strong></span> 
     </span>
     <span class='ocr_line' id='line_1_34' title="bbox 177 4153 1287 4261; baseline -0.001 -30"><span class='ocrx_word' id='word_1_232' title='bbox 177 4153 344 4232; x_wconf 84' lang='lat' dir='ltr'><strong>bescabat</strong></span> <span class='ocrx_word' id='word_1_233' title='bbox 377 4158 472 4234; x_wconf 81' lang='lat' dir='ltr'><strong>risus</strong></span> <span class='ocrx_word' id='word_1_234' title='bbox 508 4161 626 4258; x_wconf 80' lang='lat' dir='ltr'><strong>acies,</strong></span> <span class='ocrx_word' id='word_1_235' title='bbox 663 4175 705 4236; x_wconf 89' lang='lat' dir='ltr'><strong>ut</strong></span> <span class='ocrx_word' id='word_1_236' title='bbox 738 4187 867 4261; x_wconf 87' lang='lat' dir='ltr'><strong>aegra,</strong></span> <span class='ocrx_word' id='word_1_237' title='bbox 901 4160 1040 4236; x_wconf 75' lang='lat' dir='ltr'><strong>litturae</strong></span> <span class='ocrx_word' id='word_1_238' title='bbox 1073 4159 1177 4233; x_wconf 88' lang='lat' dir='ltr'><strong>sortis</strong></span> <span class='ocrx_word' id='word_1_239' title='bbox 1208 4157 1287 4230; x_wconf 85' lang='lat' dir='ltr'><strong>sun·</strong></span> 
     </span>
     <span class='ocr_line' id='line_1_35' title="bbox 176 4273 1287 4384; baseline 0.005 -34"><span class='ocrx_word' id='word_1_240' title='bbox 176 4274 260 4350; x_wconf 81' lang='lat' dir='ltr'><strong>aan</strong></span> <span class='ocrx_word' id='word_1_241' title='bbox 292 4277 479 4364; x_wconf 83' lang='lat' dir='ltr'><strong>formidine</strong></span> <span class='ocrx_word' id='word_1_242' title='bbox 507 4273 697 4384; x_wconf 83' lang='lat' dir='ltr'><strong>perculsa,</strong></span> <span class='ocrx_word' id='word_1_243' title='bbox 728 4281 933 4363; x_wconf 79' lang='lat' dir='ltr'><strong>nosocomii</strong></span> <span class='ocrx_word' id='word_1_244' title='bbox 965 4305 1069 4382; x_wconf 87' lang='lat' dir='ltr'><strong>opem</strong></span> <span class='ocrx_word' id='word_1_245' title='bbox 1098 4275 1287 4378; x_wconf 78' lang='lat' dir='ltr'><strong>implorare</strong></span> 
     </span>
     <span class='ocr_line' id='line_1_36' title="bbox 179 4393 381 4476; baseline 0.02 -4"><span class='ocrx_word' id='word_1_246' title='bbox 179 4393 381 4476; x_wconf 80' lang='lat' dir='ltr'><strong>decreverit</strong></span> 
     </span>
    </p>
   </div>
   <div class='ocr_carea' id='block_1_2' title="bbox 0 0 1636 5194">
    <p class='ocr_par' dir='ltr' id='par_1_2' title="bbox 0 0 1636 5194">
     <span class='ocr_line' id='line_1_37' title="bbox 0 0 1636 5194; baseline 0 5"><span class='ocrx_word' id='word_1_247' title='bbox 0 0 1636 5194; x_wconf 95' lang='lat' dir='ltr'><strong> </strong></span> 
     </span>
    </p>
   </div>
  </div>
 </body>
</html>
