3228 5166
1233 331 1281 442 ai

388 459 675 606 JCAPUT
731 459 1065 589 PRIMUM.

250 731 469 817 senonas
495 729 735 850 cannata
759 729 892 824 Qum
918 729 1069 806 rrcnu
1092 731 1206 831 ess,
1322 717 1328 730 '

349 965 594 1069 custosne,
608 969 675 1054 ar
692 965 942 1056 rasurum
958 967 1115 1058 usuc,

596 1207 857 1243 W

230 1295 590 1472 Alcamenes
618 1394 828 1492 Ticluense,
860 1395 1143 1496 antiquissimum
1175 1395 1286 1472 hocce

178 1511 360 1586 Pieridum
385 1511 593 1610 delubrum,
629 1539 650 1586 a
686 1513 827 1587 Cerceo
861 1513 992 1589 Moeno
1027 1539 1150 1590 versus
1180 1517 1289 1590 linem

178 1627 310 1710 saeculi
341 1629 438 1702 v111.
464 1629 670 1726 conditum,
697 1655 718 1702 e
748 1631 932 1704 Luncvrco
957 1631 1024 1704 Pro
1048 1631 1089 1704 d
1110 1633 1185 1730 829
1206 1657 1289 1706 com

179 1749 380 1846 firmatum,
403 1761 442 1820 et
471 1746 516 1820 ab
541 1747 756 1848 Imperatore
782 1748 925 1822 Ctaoao
951 1749 1012 1822 IV.
1037 1749 1078 1822 Δ.
1109 1750 1195 1825 1361
1231 1767 1289 1825 re·

179 1878 397 1962 suummm,
421 1863 597 1965 simulque
621 1859 868 1939 Universitatis
905 1867 1049 1939 nomine
1083 1881 1120 1940 et
1153 1867 1289 1943 honore

180 1983 408 2082 insignitum,
431 1981 644 2086 singularem
668 2005 807 2083 semper
837 1982 1031 2058 vindicavit
1059 1985 1291 2084 praestantiae

182 2102 352 2201 gradum,
375 2102 617 2204 tequidem,
640 2113 682 2179 ut
705 2101 791 2177 clim
826 2107 897 2204 jam
929 2104 1002 2176 suis
1016 2143 1021 2152 ·
1036 2101 1178 2178 sedibus
1208 2129 1291 2180 con-

181 2217 299 2307 vulsas
323 2218 479 2306 Athenas
502 2201 720 2319 in'Papiensi
736 2217 923 2306 Academia
947 2219 1105 2308 habitare
1130 2221 1291 2296 dixerint

184 2340 342 2414 Medione
379 2364 465 2415 vero
500 2323 736 2440 disciplinae,
768 2339 939 2440 superiori
972 2365 1061 2415 aevo
1097 2339 1293 2442 plurimum

180 2457 379 2560 neglectae,
403 2457 448 2532 ab
465 2456 527 2532 illo
543 2459 714 2534 duntaxat
739 2473 896 2559 tempore
921 2457 1046 2533 florere
1075 2475 1293 2562 coeperunt,

182 2607 255 2682 quc
280 2581 370 2656 Diva
395 2580 624 2680 imperatrix,
641 2579 788 2652 naula
804 2578 1062 2683 Trlssnesln,
1083 2578 1175 2654 hano
1199 2579 1291 2654 Unl·
1402 2599 1406 2608 '

181 2700 385 2774 versitatem
409 2695 587 2798 ampliari,
616 2697 789 2798 novisque
825 2695 1013 2798 privilegiis
1051 2699 1168 2797 augeri
1192 2699 1294 2800 jussit

182 2817 250 2908 (Α,
280 2815 372 2919 1763
389 2821 410 2909 l.
435 2815 590 2914 Insignis
615 2815 828 2888 Immortalis
855 2813 1026 2910 Mulieris,
1050 2821 1195 2915 ejusque
1220 2817 1293 2890 Ma·

184 2935 243 3031 gni
267 2934 370 3029 Filii,
393 2931 590 3006 JOSEPHI
612 2933 678 3027 lt,
701 2931 891 3027 beneficia,
916 2931 1160 3005 Ticinenslbus
1183 2933 1293 3005 Musis

183 3049 280 3128 illata
313 3051 375 3150 qui
408 3051 522 3147 norit,
545 3073 619 3123 non
643 3050 790 3150 poterit,
814 3050 902 3150 quia
931 3055 1024 3152 iusta
1061 3049 1292 3128 admiratione

166 3181 222 3242 ·et
245 3165 454 3265 gratitudine
478 3167 714 3268 perfundatur
739 3172 796 3260 (ι).

270 3301 315 3390 (ι)
334 3303 380 3398 ne
400 3303 532 3368 masma
552 3304 703 3369 maceca
735 3307 775 3369 as
797 3308 831 3369 r.
854 3305 890 3371 l.
914 3307 1106 3394 Principibus
1128 3298 1293 3374 ammae»
1405 3289 1409 3310 '

311 3405 558 3492 Archigymaacio
577 3408 728 3472 Ticiuenai
748 3407 878 3488 collatis,
898 3411 1006 3474 Oratio
1020 3411 1123 3474 Etru
1135 3412 1294 3478 Gutum

309 3509 532 3576 Paadectarum
552 3511 738 3576 Proseeaorie.
760 3513 933 3579 Mediolani.
958 3513 1047 3580 1815.

233 3647 393 3720 Primum
410 3645 456 3717 ab
472 3645 727 3720 instauratione
743 3645 941 3720 studiorum
962 3643 1202 3720 Professorem
1217 3673 1295 3720 me·

184 3761 322 3838 dicinae
348 3765 524 3864 practicae
550 3765 720 3838 Cancrum
745 3765 913 3854 Canauna
938 3763 1065 3860 luisse,
1090 3791 1109 3838 e
1134 3767 1295 3865 sequenti

183 3881 350 3956 elucescit
373 3881 608 3979 documento,
633 3889 732 3986 cujus
757 3897 916 3956 tenorem
941 3879 987 3953 ad
1010 3879 1149 3954 literam
1166 3883 1294 3970 subne-

185 4013 279 4073 ctere
303 3997 439 4099 placet,
463 4014 657 4101 quatenus,
682 4001 747 4074 etsi
771 3997 906 4074 nullam
931 3997 1047 4072 adlruc
1077 3998 1122 4073 de
1151 4001 1295 4100 propria

183 4115 311 4190 Schola
335 4115 461 4190 clinica
496 4119 715 4194 mentionem
749 4120 950 4214 contineat,
984 4115 1197 4216 singularem
1222 4121 1295 4218 jam

183 4234 294 4333 spiret
329 4235 519 4334 Regiminis
552 4237 591 4308 in
621 4236 863 4338 promovendo
891 4233 1087 4309 medicinae
1118 4235 1294 4334 practicae

179 4351 301 4426 studio
326 4377 448 4428 euram
473 4369 509 4430 et
532 4353 763 4457 industriam,
791 4353 1074 4462 laudabilemque
1104 4352 1292 4442 doctorum

184 4472 351 4550 uarum
365 4475 662 4560 aestimationem.
1026 4467 1028 4471 ’
