3228 5166
148 570 154 581 ,
193 521 265 572 non
290 507 371 572 tam·
389 495 460 572 cito
485 493 710 591 detumescit,
735 487 807 598 sed
834 489 1016 566 interdurn
1047 517 1111 594 per
1144 505 1227 569 octo
1252 385 1301 566 7et

137 604 156 620 ‘⁸
192 615 343 720 amplius
366 599 443 690 dies
460 612 617 688 tumidus
632 625 800 713 vagatur,
814 610 913 712 quod
928 609 1138 687 creberrime
1158 611 1301 686 labente

192 751 364 812 aratumno
393 732 552 808 accidere
587 731 779 806 consucvit
813 733 909 814 Loca
949 741 1038 808 tunc
1074 721 1302 829 demissiore,

191 855 357 950 lacrima,
380 863 502 956 prata,
525 872 629 947 arva,
654 864 691 924 et
713 849 813 926 lucos
850 849 972 951 gelidis
1008 851 1146 924 invadit
1179 849 1304 944 υηᾶἱε,

191 973 320 1049 berbas
343 973 459 1046 virore
483 969 665 1068 absterso,
688 981 795 1070 atque
826 989 970 1070 campos
1006 966 1174 1042 diuturna
1202 989 1303 1042 mora

194 1099 391 1185 macerat,
414 1086 511 1160 arida
535 1085 703 1182 mesula,
726 1084 785 1161 vel
809 1087 934 1187 putido
959 1107 1071 1161 coeno
1095 1086 1244 1186 sparsim
1263 1086 1302 1158 in

122 1243 126 1252 ‚
194 1232 332 1282 recessu
356 1231 422 1279 suo
447 1223 531 1278 cum
554 1203 685 1280 damno
709 1203 848 1278 relictis.
879 1203 936 1279 Ad
969 1203 1075 1278 hasce
1106 1205 1178 1305 jam
1212 1199 1302 1276 allu-
1409 1185 1418 1250 s

193 1327 267 1402 ries
292 1339 328 1399 et
350 1323 469 1398 Padus
493 1347 595 1396 suam
620 1321 812 1397 contribuit
835 1321 1056 1424 syrnbolam3
1091 1339 1175 1396 oum
1206 1321 1302 1395 enim

150 1427 153 1432 ⁵
193 1441 239 1516 ab
262 1440 426 1543 Alpium,
449 1440 785 1541 Apenninommque
810 1439 1024 1514 torrentibus
1040 1438 1241 1534 mererent,
1257 1435 1305 1510 ad

192 1560 388 1636 satietatem
427 1557 554 1660 plenus
595 1572 842 1659 exsuperantes
868 1558 984 1632 Ticini
1018 1557 1183 1660 lymphas
1217 1557 1303 1630 reci·

192 1700 276 1780 pere
302 1689 460 1772 recusat,
484 1695 611 1776 easque
635 1677 788 1778 propriis
822 1676 1102 1750 redundantibus
1133 1695 1174 1750 ac
1205 1701 1303 1749 rece·

192 1795 359 1870 dentibus
384 1795 483 1896 aquis
509 1787 621 1894 auget
647 1784 727 1867 Tali
752 1801 881 1900 euentu
897 1793 1056 1896 placidus
1069 1800 1172 1869 antea
1188 1796 1301 1868 amitis

194 1927 337 2015 spumat
361 1933 402 1986 ac
427 1911 565 2010 fremit,
589 1911 715 1986 domus
743 1909 876 1986 vicinas
912 1911 1109 1986 furentibus
1137 1911 1302 1986 fluctibus

67 2093 69 2098 .
194 2033 341 2133 impune
365 2029 476 2131 petit,
500 2055 558 2104 eas
582 2029 742 2106 malefico
766 2029 877 2106 udore
893 2033 1081 2133 pervertit,
1101 2029 1301 2104 discrimine

174 2161 231 2222 ·et
253 2174 384 2250 pavore
408 2139 566 2249 ripamm
589 2148 726 2224 accolas
742 2149 864 2250 replet.
881 2151 1100 2232 Luctuosum
1120 2147 1304 2249 prolecto,

194 2291 236 2338 ac
259 2265 517 2368 deplorandum
530 2267 782 2368 'spectaculum
798 2281 872 2365 est,
893 2267 1113 2342 demissiores
1139 2291 1303 2366 campos,

194 2383 293 2459 Pado
318 2399 356 2458 et
378 2383 506 2458 Ticino
531 2386 789 2482 conterminos,
805 2385 851 2460 ad
866 2385 1024 2487 plurium
1044 2385 1234 2458 miliarium
1249 2383 1302 2459 di-

193 2502 358 2577 stantiam
381 2503 420 2576 in
443 2504 658 2579 vastissimos
682 2503 780 2578 lacus
805 2526 993 2579 conversos
1017 2503 1147 2600 risere3
1178 2501 1301 2576 horret

194 2601 353 2717 sinimus,
376 2619 608 2721 agricolarum
632 2621 847 2697 calamitates
871 2623 910 2694 in
926 2621 1100 2723 ejusmodi
1125 2619 1302 2693 redunda-

194 2739 349 2815 tionibus
373 2739 523 2835 referre‚
539 2741 599 2841 qui
617 2737 754 2812 ducunt
769 2763 909 2834 remos,
925 2737 988 2810 ubi
1003 2761 1119 2837 nuper
1138 2733 1305 2829 arabant,

49 2909 51 2912 ·
192 2862 423 2962 propriosque
448 2885 552 2960 saepe
576 2861 774 2963 relinquere
799 2875 974 2960 cogantur
1008 2860 1179 2952 Penates,
1203 2853 1303 2930 elire-

194 2977 287 3048 natis
312 2977 410 3076 aquis
435 2975 644 3050 submersos.
668 3017 720 3034 --
755 2976 792 3048 Si
822 2974 1061 3075 complacatus
1095 2987 1232 3046 torrens
1266 2973 1305 3046 in

191 3093 379 3194 proprium
413 3091 629 3193 postliminio
663 3092 846 3166 recesserit
881 3091 1049 3188 alveum,
1083 3113 1235 3162 coenoso
1268 3103 1305 3162 et

195 3207 346 3312 palustri
368 3209 445 3285 solo
469 3209 612 3306 relicto,
641 3209 758 3284 seralis
793 3208 997 3312 mephitidis
1033 3207 1189 3314 germina
1213 3208 1304 3280 serit.

66 3433 68 3442 Ι
194 3329 355 3404 Durante
382 3327 537 3425 bruma',
573 3327 641 3401 sub
675 3329 806 3403 mitiori
835 3328 1016 3403 radiomm
1050 3325 1218 3402 solarium
1248 3327 1312 3422 ui,r

194 3449 379 3526 subsident
402 3447 543 3524 effluria
568 3451 717 3546 nociva,
740 3475 855 3550 neque
884 3447 1001 3522 labem
1033 3446 1194 3522 exhalare
1223 3473 1305 3548 pos-

195 3580 282 3641 sunt
320 3567 492 3642 concretis
527 3563 655 3666 frigore
694 3565 861 3668 lymphis.
900 3567 1062 3668 Torpent
1104 3565 1142 3638 in
1173 3565 1306 3638 semine

192 3685 319 3762 morbi.
343 3687 407 3762 Ast
432 3712 515 3761 cum
538 3685 642 3761 findit
666 3685 812 3787 glaciem
836 3687 954 3760 urenti
982 3683 1145 3786 lampade
1170 3685 1304 3772 Titan,

193 3807 365 3880 fermenta
389 3805 560 3906 paludum
584 3807 732 3903 excitat,
755 3829 797 3878 ac
821 3803 891 3879 late
908 3801 1096 3900 diffundit,
1112 3803 1302 3903 praecipue

195 3927 226 3998 si
248 3923 369 3998 latices
392 3925 521 3998 inertes
546 3924 817 3998 flacescentibus
842 3921 974 4024 plantis
1006 3935 1042 3996 et
1070 3923 1303 3996 animantium

195 4043 328 4119 exuviis
352 4045 551 4144 inquinatos
575 4069 697 4120 recens
721 4068 795 4118 non
823 4045 995 4118 instauret
1018 4041 1143 4144 liquor.
1168 4084 1219 4100 -·
1243 4043 1304 4114 ln·

194 4159 430 4234 undationum
454 4159 584 4236 damna
608 4187 693 4262 prae
717 4161 794 4236 aliis
819 4160 913 4242 locis¹
935 4163 1119 4263 patiuntur
1142 4157 1304 4233 Laumel-
1429 4201 1436 4210 -

195 4275 282 4374 bna,
306 4277 533 4379 interpositus
557 4278 725 4380 bipartito
751 4279 869 4354 Ticini
906 4279 1007 4354 alveo
1042 4280 1142 4353 ricus
1177 4276 1304 4352 subur·

195 4393 310 4470 banus
335 4387 478 4495 (Borgo
503 4395 682 4494 Ticino),
716 4398 935 4500 finitimaque
969 4421 1125 4470 nemora.
1152 4396 1306 4471 Tortuo·

197 4537 293 4610 sum,
316 4513 414 4628 quod
447 4511 576 4590 fluvius
612 4513 657 4588 ab
695 4513 830 4617 aliquot
863 4515 964 4588 annis
994 4513 1210 4614 pedetentim
1241 4513 1307 4587 sibi

198 4648 316 4736 parat,
341 4635 428 4735 iter,
451 4659 638 4714 arenarum
663 4646 907 4733 congestamm
939 4657 1043 4706 carisa
1072 4657 1092 4703 a
1128 4629 1307 4704 rectilineo
