3148 5170
351 373 423 442 ado

347 486 497 582 durum,
521 483 725 585 globosum,
747 484 952 584 elaaticnrn,
968 491 1128 592 tympani
1146 490 1283 562 instar·
1300 515 1479 580 reaomns,
1535 577 1536 580 Ἴ

345 603 566 704 eandemque
590 603 657 676 snb
686 606 811 705 quovis
848 606 1006 705 corporis
1043 608 1180 706 positu¹
1209 609 1380 706 figuram
1404 619 1477 680 con·

344 743 510 820 servans,
551 725 702 796 tormina
744 723 942 818 dirissima,
983 749 1048 823 per
1087 725 1190 798 vices
1236 726 1478 814 remittentim

344 839 444 915 alvus
462 846 532 941 jam
549 867 569 913 a
587 855 722 940 septem
738 839 862 912 diebus
878 839 1016 936 clausa,
1033 843 1156 914 urinae
1174 865 1356 942 parcae,
1385 856 1476 916 natu-

345 961 454 1056 rales,
478 961 637 1036 membra
663 959 874 1056 macilenta,
897 961 1105 1060 inquietudo
1129 975 1166 1034 et
1185 963 1394 1055 anxietas,
1410 961 1476 1060 pnl-

344 1104 405 1150 sas
430 1082 547 1174 citati,
572 1080 765 1174 contracti,
799 1079 920 1179 parri,
954 1077 1183 1176 irregulares,
1229 1079 1475 1152 intermitten-

344 1209 406 1270 tes.
430 1233 480 1254 ·-
505 1197 621 1297 Scopo
657 1195 778 1270 alvum
820 1195 1020 1295 aperiendi,
1060 1194 1164 1269 flatus
1206 1195 1418 1295 pellendi,
1447 1209 1475 1266 et

343 1333 524 1413 spasmum
547 1311 727 1410 soluendi,
750 1311 907 1385 infusum
931 1313 1067 1386 &unae
1091 1306 1291 1387 orientalis
1318 1327 1359 1386 et
1384 1315 1477 1398 semi,
1535 1287 1536 1362 i

343 1445 432 1504 num'
454 1429 638 1506 Foeniculi
663 1453 745 1502 cum
773 1431 901 1502 Manna
928 1445 965 1502 et
988 1431 1109 1529 paucis
1135 1428 1304 1528 guttulis
1331 1430 1470 1502 Ammo
1535 1413 1536 1430 ¹

343 1549 422 1620 uiae
445 1573 575 1651 purae,
599 1545 842 1621 Calomelanos
867 1571 972 1645 grana
998 1546 1204 1646 quindecim
1241 1548 1287 1618 in
1317 1559 1393 1617 tres
1417 1545 1469 1616 do

342 1693 398 1740 ses
423 1667 555 1762 divisa,
578 1665 745 1768 clysteres
774 1665 882 1739 oleosi
920 1693 1003 1738 cnm
1030 1665 1132 1762 sale,
1166 1681 1205 1740 et
1250 1665 1465 1766 epithemata

343 1778 465 1884 frigida
490 1811 596 1887 super
620 1783 820 1878 abdomen,
844 1785 1100 1857 Conamnsrnnr
1126 1781 1314 1876 oonsilio,
1346 1805 1466 1879 suppe

341 1901 554 1976 ditabantur.
578 1943 629 1960 -
653 1901 719 1974 Die
743 1899 777 1974 fa
803 1899 919 1974 morbi
952 1898 1091 1972 dolores
1124 1897 1365 1975 intestinalea
1396 1911 1462 1969 tan-

341 2020 451 2117 tisper
474 2017 698 2112 conticuere,
722 2015 832 2089 semel
856 2017 993 2092 vomuit
1016 2041 1182 2112 mucosa,
1202 2029 1247 2089 et
1274 2038 1458 2116 porracea3

341 2149 462 2208 ructus
486 2133 630 2230 manes,
654 2133 851 2207 abdominis
876 2129 990 2206 tensio
1014 2145 1056 2206 ut
1080 2128 1177 2230 heri,
1192 2131 1330 2208 nullus
1356 2154 1458 2203 seom-

341 2277 424 2346 aus,
453 2236 582 2326 virium
622 2249 810 2351 prostratio
850 2274 998 2322 summa.
1045 2251 1248 2324 Institimns
1301 2244 1453 2322 remediis

341 2393 448 2468 supra
471 2366 596 2461 dictis,
618 2391 731 2466 quum
754 2391 839 2438 vero
867 2363 969 2439 alvus
1004 2365 1101 2440 nulla
1135 2369 1280 2440 ratione
1321 2360 1451 2438 ausoul-
1534 2437 1536 2478 ,

343 2498 455 2579 taret,
477 2483 673 2558 mechanici
698 2481 901 2554 adminiculi
926 2507 994 2582 ope
1019 2485 1114 2562 viam
1142 2499 1308 2558 atemere
1341 2481 1448 2556 dcere
1535 2481 1536 2484 ’

341 2602 477 2696 virum,
501 2601 633 2702 quippe
657 2599 820 2672 cenulam
854 2599 1032 2674 elasticam
1062 2599 1298 2703 longitudinis
1333 2597 1449 2698 empui-
1534 2647 1535 2658 κ

340 2718 475 2822 pedalis
512 2745 581 2794 ano
613 2719 891 2818 introduximus,
931 2720 1104 2821 sperando
1140 2721 1373 2798 obstaculum
1409 2713 1446 2787 ab

338 2838 513 2912 induratis
537 2837 689 2940 scybalis
729 2839 887 2938 positum
921 2837 1039 2912 forsan
1079 2841 1261 2916 victurum
1299 2837 1382 2913 fore.
1404 2836 1442 2906 Et
1531 2850 1533 2926 ζ

340 2956 520 3057 prolecto,
543 2953 669 3028 carrula
693 2957 753 3029 vix
776 2957 931 3051 intrusa,
955 2957 1076 3055 ingens
1093 2959 1192 3058 copia
1210 2961 1305 3034 aeris
1332 2948 1440 3028 foetidi

340 3101 424 3150 cnm
445 3077 580 3176 impetn
597 3088 634 3148 et
650 3075 784 3172 fragore
809 3075 934 3171 crivit,
958 3075 1132 3177 simulque
1158 3078 1274 3152 faeces
1302 3071 1439 3150 terracis·

339 3195 469 3288 simae,
502 3192 600 3267 velut
642 3191 864 3290 argillaoeae,
901 3219 1007 3267 muco
1041 3209 1188 3270 cruento
1223 3211 1261 3270 et
1298 3186 1440 3266 ascaridt
1529 3233 1530 3244 κ

339 3307 570 3386 lumbricoide
601 3309 829 3404 commixtae,
858 3335 932 3384 non
966 3311 1041 3384 aine
1070 3314 1163 3412 aegri
1193 3313 1366 3388 solamine
1392 3329 1437 3378 se·

340 3444 528 3506 cessarunt.
553 3429 619 3502 Die
645 3453 677 3529 7·
703 3455 773 3502 nox
797 3430 1006 3530 irrequietap
1035 3430 1174 3506 dolores
1208 3430 1315 3507 oolici
1343 3423 1434 3502 vele·
1527 3509 1528 3512 Ἴ

339 3547 472 3622 mentia
502 3547 627 3645 majori
664 3548 921 3644 excruciantes,
951 3547 1149 3623 abdominis
1179 3541 1436 3624 intumescentia

339 3670 436 3764 juxta
460 3663 668 3738 intestinum
692 3687 839 3736 coecum
866 3678 902 3736 et
936 3663 1040 3739 colon
1067 3681 1308 3742 transversum
1339 3655 1432 3755 magis
1522 3585 1527 3728 l

339 3779 547 3882 corispicua3
570 3777 688 3852 nullae
713 3779 834 3876 sedes,
858 3779 980 3880 pulsus
1015 3783 1236 3883 inaequales,
1272 3778 1442 3860 vermicu·'

336 3897 452 3993 lam,
475 3895 690 3972 dcbilissimi.
716 3896 872 3971 Canulae
897 3899 1059 3974 clasticae
1084 3927 1152 4001 ope
1180 3903 1310 3978 iterum
1334 3899 1430 3972 cietur

336 4040 492 4090 serenus
516 4013 666 4088 flatuum
682 4029 719 4088 et
735 4031 1038 4092 excrementorum
1055 4016 1340 4115 olidissimorum,
1356 4012 1426 4114 qaia

336 4150 456 4213 tamen
481 4134 564 4209 inde
589 4134 786 4210 abdominis
810 4135 978 4212 volumen
1003 4140 1211 4215 consideret
1243 4143 1333 4216 Cum
1363 4133 1427 4232 Hy·

337 4249 507 4352 drargyro
523 4250 602 4324 miti
619 4251 789 4326 uniuntur
805 4251 992 4328 duodecim
1016 4278 1122 4354 grana
1141 4258 1288 4334 Gummi
1311 4255 1423 4332 Garat
1499 4267 1502 4278 ’

335 4367 374 4442 in
397 4383 468 4442 tras
506 4367 607 4443 doses
640 4367 772 4464 divisa,
805 4369 1010 4446 intercalato
1044 4373 1158 4448 Ricini
1193 4373 1291 4472 ole03
1315 4365 1424 4450 immil·
1507 4380 1514 4391 '

336 4501 460 4564 tantur
483 4487 649 4592 clysterer
675 4513 766 4586 cnm,
783 4490 930 4572 decocto
961 4491 1126 4574 foliorum
1156 4495 1374 4592 Nicetiana,
1393 4495 1421 4558 et
