3264 5194
343 311 413 406 ¹46

335 431 430 510 vallo
441 431 594 508 duonum
610 433 785 508 mensium
801 455 883 508 mox
900 431 1003 509 flores
1021 425 1124 506 Zlnci
1141 457 1222 506 cum
1239 430 1453 528 valer-iana,

333 575 418 624 mox
442 549 702 646 stramoniam,
727 575 810 628 mox
834 539 1031 647 hirudines,
1054 574 1139 626 mox
1163 549 1351 636 vesicantia
1376 575 1448 622 va·

332 671 393 746 riis
416 669 503 745 loeis
527 667 668 746 admota
692 693 814 750 sumus
838 669 1047 772 periclitati,
1071 672 1170 746 irrito
1203 685 1322 745 tamen
1356 697 1447 748 cum

330 803 470 864 eventu.
494 787 665 864 Fomenta
690 787 833 866 tandem
856 787 996 889 frigida,
1018 813 1124 890 super
1146 785 1291 862 oculum
1316 783 1445 860 dolen-

329 919 404 980 tem
422 921 460 980 et
481 905 754 1008 photophobuur
778 903 964 1008 adplicita,
987 929 1110 980 omnes
1135 903 1297 1005 protinus
1321 900 1446 1002 dispu-

298 1021 448 1138 „lcnmt
471 1021 633 1120 dolores,
658 1037 696 1098 ut
719 1022 936 1099 restituendo
960 1023 1069 1118 visui,
1085 1046 1192 1124 quem
1216 1021 1443 1099 cruciatuum

325 1122 478 1238 'reoda
502 1155 538 1216 et
562 1141 646 1215 rirali
669 1144 939 1254 pervicacisdmi
966 1141 1176 1226 diuturnitas
1192 1167 1277 1214 eum
1300 1141 1339 1214 in
1363 1165 1443 1214 mo-

327 1257 417 1334 dum
440 1259 655 1356 tulirmrrvit,
679 1273 720 1334 ut
744 1260 961 1353 amaurotico
984 1259 1092 1340 statui
1117 1284 1224 1359 quam
1256 1257 1439 1358 proximus

327 1388 442 1472 esset,
465 1399 532 1448 uec
556 1373 617 1450 illa
641 1376 795 1476 metopia
825 1373 985 1474 egelida,
1013 1397 1081 1450 neo
1112 1377 1286 1476 patienter
1320 1375 1438 1448 conti·

325 1505 454 1567 uuauu
479 1519 563 1568 usus
586 1492 720 1570 stimuli
745 1491 929 1577 Galraniei
953 1494 1051 1594 paria
1076 1492 1182 1570 [here.
1207 1491 1323 1566 Oculo
1353 1491 1435 1566 dili·

326 1611 463 1708 gerrtius
487 1611 711 1708 examinato,
735 1636 809 1686 non
832 1593 949 1686 solum
972 1610 1269 1717 glaucomatosam
1299 1635 1437 1685 massae

325 1726 457 1806 vitreae
480 1727 802 1830 metamorphosin,
823 1753 947 1812 verum
972 1729 1080 1812 etiam
1104 1725 1220 1808 levem
1244 1726 1438 1830 quamdam

323 1838 426 1924 bulbi
450 1843 648 1951 atrophiam
671 1843 889 1944 deteximus,
912 1871 1046 1952 quare,
1070 1843 1193 1928 ultima
1217 1845 1293 1947 spei
1317 1843 1438 1920 favilla

324 1965 505 2061 extincta,
529 1991 670 2066 aegram
701 1967 863 2079 proprios
896 1968 1047 2050 Penates
1077 1980 1197 2070 petere
1234 1967 1436 2068 cupientem

326 2082 534 2168 dimisimus.

372 2203 445 2294 Qui
468 2201 574 2304 hujus
599 2200 937 2306 ophthalmodyrriae
961 2203 1176 2300 decursum,
1205 2219 1242 2279 et
1278 2201 1435 2305 phaeno-

322 2344 426 2394 mena
450 2319 558 2420 paulo
575 2321 728 2402 curatius
744 2321 951 2423 perpendit,
972 2324 1032 2396 vix
1048 2320 1229 2424 quoddam
1245 2347 1323 2396 eam
1340 2321 1435 2396 inter

323 2453 360 2514 et
392 2437 648 2546 protopalgiam
681 2439 838 2513 inveniet
874 2439 1089 2537 discrimen,
1125 2440 1244 2515 sedem
1280 2438 1363 2518 mali
1401 2441 1434 2512 si

321 2557 505 2656 exceperit
530 2557 626 2632 Haeo
651 2581 801 2631 nervum
826 2556 1013 2656 lhcialem,
1036 2555 1349 2652 inll·a-orbitalerrr,
1371 2555 1431 2630 vel

321 2673 508 2757 horrtalem
532 2673 745 2776 prehendit,
769 2675 914 2752 oculum
938 2675 983 2750 ah
1008 2679 1106 2751 omni
1130 2675 1209 2749 lahe
1235 2677 1431 2752 immunem

320 2792 510 2895 relinquit,
525 2793 584 2869 vel
607 2793 816 2878 secundario
834 2793 1004 2872 duntaxat
1023 2793 1131 2878 modo
1155 2795 1193 2870 in
1213 2795 1432 2868 consortium

321 2911 438 2984 tralrit
462 2911 592 2998 Nostro
616 2925 736 2994 autem
759 2913 798 2984 in
822 2939 906 2995 casu
930 2912 1014 2988 mali
1039 2911 1139 2986 sedes
1163 2911 1255 2984 intra
1277 2908 1432 2989 orbitam

320 3028 408 3124 suit,
423 3043 460 3104 et
483 3029 627 3130 quidem
650 3031 690 3113 in
715 3029 808 3104 oculi
832 3029 963 3128 bulbo,
987 3057 1053 3104 nec
1078 3029 1229 3108 arduum
1252 3027 1355 3104 nobis
1379 3030 1432 3102 vi·

319 3143 469 3230 debatur
493 3171 604 3247 opus,
631 3147 779 3250 speciale
803 3145 1018 3230 substratum
1052 3145 1319 3228 determinandi.
1349 3145 1430 3219 Jam

243 3255 244 3258 ¹
320 3263 439 3360 dolor,
462 3289 527 3338 ceu
552 3263 665 3352 sadoc
688 3267 862 3364 emirrerrs,
886 3269 948 3368 qui
972 3263 1236 3343 coenaeathesln
1260 3261 1306 3336 ad
1330 3289 1428 3336 sum-
1518 3315 1523 3325 -

320 3406 422 3456 mum
446 3381 629 3456 morbosae
654 3383 867 3458 incitationis
893 3382 1034 3466 culmen
1059 3395 1218 3458 evectam
1243 3381 1429 3481 exprimit,

238 3595 243 3604 Ι
319 3495 418 3572 illam
442 3498 629 3600 sphaeram
653 3525 840 3582 nervosam
864 3499 1039 3582 adiectam
1068 3499 1258 3594 indicavit,
1281 3499 1339 3573 cui
1373 3523 1428 3572 or·

318 3619 440 3718 gerrico
476 3617 605 3692 insidet
638 3619 873 3718 sensibilitas,
906 3619 1071 3696 videlicet
1104 3633 1258 3720 systerias
1292 3617 1428 3716 citam,
1543 3681 1549 3698 .

317 3733 416 3834 quod
440 3733 550 3810 veluti
574 3735 787 3840 garrgliarem
810 3737 1018 3840 adparatum
1044 3736 1137 3814 oculi
1163 3737 1361 3834 constituit,
1384 3761 1426 3810 ae

316 3879 464 3927 munera
488 3854 580 3928 vitae
614 3856 982 3958 organico—plasticae,
1011 3855 1341 3958 reproduotionem,
1369 3881 1424 3928 se-

317 3972 509 4069 cretiones,
525 3985 561 4045 et
585 3969 827 4074 absorptiones
851 3975 1030 4075 gubernat.
1048 3971 1207 4076 Papillae
1233 3972 1366 4069 forma,
1390 3985 1427 4048 et

315 4089 412 4164 iridis
428 4103 546 4164 motus
571 4089 773 4190 abnormes,
790 4093 911 4168 vitiata
936 4091 1078 4169 miscela
1101 4091 1258 4191 corporis
1275 4087 1423 4190 crystal-

315 4210 399 4306 lini,
417 4223 480 4284 aut
495 4211 615 4306 vitrei,
630 4214 777 4287 secretio
794 4215 964 4314 pigmenti
977 4211 1186 4290 clroroideua
1202 4209 1424 4310 imperfecta,

315 4329 515 4408 nutritionis
540 4355 722 4430 processus
753 4329 968 4431 languidior,
992 4327 1122 4405 doloris
1153 4326 1294 4402 diffusio
1316 4353 1424 4428 super

314 4471 439 4545 genam
464 4461 501 4522 et
525 4449 694 4550 frontem,
718 4449 958 4532 musculorum
984 4449 1085 4528 faciei
1110 4446 1355 4542 disterrtioues,
1379 4444 1422 4518 il-
