3264 5194
285 2 432 77 minales
457 4 574 106 potius
599 29 664 76 ceu
690 18 910 80 momentum
931 3 1130 116 ,disponens
1160 19 1282 81 essent·
1311 31 1394 80 cons
1476 11 1487 114 Ἰ

285 121 500 206 siderandae.
525 122 689 198 Efficacia
715 125 945 198 emeticorurn
969 121 1109 204 nostram
1137 125 1295 226 opinioni
1319 151 1393 200 non

284 241 414 317 solnm¹
438 267 512 318 non
546 241 765 339 reluctatur,
805 245 869 318 sed
907 247 1018 320 immo
1054 271 1133 320 eam
1167 245 1395 321 corroborare
1483 333 1487 340 ¹
1531 221 1532 230 ἵ

285 364 408 458 juvat,
430 374 562 460 quanta
586 361 681 436 enim
713 360 931 436 violentioris
961 360 1027 436 snb
1063 363 1201 437 vomitu
1235 387 1394 448 οοιιιιιιο·Ι
1442 377 1445 384 ’

284 477 411 574 tionis,
434 478 473 550 in
496 476 725 554 discutiendis
748 475 900 566 stasibur
916 481 1071 582 cujusvis
1088 481 1241 580 generis,
1264 479 1312 554 sit
1333 505 1396 580 po·

286 607 419 687 testas,
442 594 621 672 neminem
645 595 883 696 practicarum
907 583 1002 672 latet
1025 597 1070 670 In
1099 611 1224 672 nostro
1252 596 1403 696 insuper

286 737 368 784 casu
394 712 625 786 remotionem
660 737 781 812 aegrae
807 740 827 786 a
852 715 971 816 nonio¹
994 712 1157 808 influxu,
1185 739 1291 788 usum
1319 712 1397 789 dili*

286 842 427 928 gentem
450 829 636 930 potionum
660 830 868 928 aridarum,
892 846 929 905 et
951 831 1102 908 lotiones
1127 811 1268 932 frigidas
1301 829 1396 908 oculi

177 1035 180 1040 Α
243 963 247 970 ·
285 945 332 1020 ad
354 961 557 1048 promptam
580 949 798 1026 sanationem
823 947 1018 1051 plurimum
1042 947 1252 1046 contulisse,
1275 950 1396 1050 ecquis

286 1091 360 1140 non
396 1065 597 1140 concedet?
629 1067 811 1167 Disparuit
844 1065 970 1140 saltem
1006 1065 1275 1166 hemeralopia,
1308 1068 1396 1168 quin
1491 1101 1495 1111 ·

286 1179 542 1256 obstructiones
565 1183 793 1279 mesenterii,
817 1196 854 1256 et
887 1207 978 1284 quae
1013 1209 1072 1257 eas
1108 1183 1395 1281 minitabantur,

284 1297 449 1381 saburrae
473 1299 687 1400 pituitosae,
711 1299 844 1374 suerint
866 1299 1035 1374 sublatae.

241 1489 246 1497 ,
336 1417 454 1490 Minus
477 1415 579 1489 nobis
605 1418 720 1490 arrisit
743 1417 885 1494 fortune
909 1419 947 1492 in
972 1443 1055 1497 oasu
1091 1419 1215 1494 isitrdr's
1244 1417 1394 1522 syphili-

285 1540 404 1625 ts'coe3
428 1533 603 1634 quidquid
628 1535 807 1608 enimam
838 1549 1025 1636 suppetere
1061 1535 1183 1628 valet,
1218 1539 1397 1612 incassum

283 1649 469 1752 periclitati
493 1675 625 1724 sumus.
649 1649 798 1722 Veneris
822 1649 1030 1748 vulvivagae
1064 1649 1307 1726 blandimenta
1337 1675 1396 1725 re-

213 1781 218 1792 ‘
283 1771 395 1844 nelica
420 1771 458 1842 in
483 1770 645 1864 musico,
672 1767 719 1842 33
746 1793 921 1851 annorum
945 1781 1028 1850 ante
1051 1767 1234 1848 biennium
1260 1769 1396 1846 medon

284 1889 430 1962 rhoeam
454 1885 644 1988 malignam
675 1901 712 1960 et
748 1885 911 1961 bubones
943 1901 1233 1988 progenuerunt,
1266 1887 1395 1990 quibrre

281 2005 449 2105 neglectis
474 2004 575 2105 tophi
600 2006 733 2079 ossium
757 2002 956 2100 calvariae,
980 2018 1016 2078 et
1040 2005 1274 2080 funestissima
1308 2005 1395 2106 opli-

286 2121 432 2196 thalmia
456 2119 551 2196 oculi
582 2122 712 2194 sisalstri
747 2145 954 2202 snooemere.
988 2121 1085 2196 Haeo
1119 2121 1244 2194 ultima
1278 2122 1395 2194 risum

284 2243 424 2342 penitus
449 2237 617 2335 sustulit,
640 2237 834 2338 perllsctam
857 2237 1091 2339 relinquendo
1114 2238 1270 2338 pupillae
1301 2252 1392 2311 atre-

281 2360 397 2454 siam,
421 2357 533 2430 salute
556 2357 701 2433 interim
725 2354 771 2429 ad
794 2355 950 2455 speciem
973 2355 1145 2433 restituta.
1181 2354 1246 2428 Ast
1269 2353 1392 2428 dolose

281 2475 349 2548 sub
373 2472 548 2554 cineribus
573 2471 721 2572 gliscens
746 2471 865 2546 lievilla
902 2470 1015 2554 tribus
1048 2469 1178 2550 abhinc
1210 2469 1391 2550 mensibus

281 2591 400 2666 denuo
423 2589 610 2690 prorupit,
634 2587 779 2672 oculum
803 2587 966 2670 dertnnn
990 2587 1115 2662 eadem
1139 2615 1223 2664 cum
1247 2587 1392 2686 ferocis,

281 2735 351 2811 qua
375 2708 516 2786 lacrum
546 2707 770 2805 devastavit,
804 2707 974 2808 adgressa.
1012 2707 1150 2784 Debitis
1182 2705 1320 2784 auxiliis
1353 2709 1392 2780 in

282 2853 385 2902 usum
419 2827 553 2902 vocans
591 2824 804 2907 auscultasse
844 2824 1031 2902 videbatur
1066 2823 1170 2924 lues,
1202 2823 1254 2900 nil
1292 2827 1390 2900 enim

279 2959 419 3046 praeter
442 2943 621 3044 quandam
637 2943 733 3018 visus
749 2941 1001 3018 hebetudinem
1024 2944 1202 3018 remansit
1222 2941 1288 3016 Die
1304 2967 1390 3016 vero

286 3063 339 3136 16.
363 3061 545 3136 Februarii
574 3063 793 3162 inauspicato
827 3061 1030 3158 recruduit,
1057 3049 1213 3136 vinnon
1238 3061 1391 3160 majori,

279 3207 387 3282 φιαω
399 3193 502 3256 antea
512 3181 668 3280 nequitie
679 3181 717 3252 in
728 3178 878 3254 candem
897 3178 1100 3256 &merisne
1116 3193 1263 3279 partem.
1279 3173 1390 3252 Dolor

278 3297 406 3394 rodens
431 3295 478 3371 ad
502 3322 624 3377 areum
648 3298 863 3398 superiorem
892 3295 1028 3372 orbitae
1064 3295 1233 3390 dextrae,
1267 3319 1389 3366 versus

275 3414 420 3515 bregma
444 3415 602 3516 ejusdem
625 3413 744 3488 lateris
767 3427 973 3515 porrectus,
995 3425 1105 3488 noctu
1138 3409 1391 3504 intolerabilis,

276 3533 429 3608 interdiu
455 3534 625 3634 tantisper
649 3533 862 3630 mitescens,
886 3531 986 3634 tophi
1011 3533 1050 3604 in
1079 3531 1279 3632 syncipile3
1313 3527 1389 3631 pal·

277 3652 407 3750 pebrae
432 3651 653 3749 tumidulae,
677 3651 770 3726 oculi
805 3651 1031 3754 conjunctiva
1065 3645 1293 3723 rubro-lividi
1328 3671 1389 3721 co·

274 3769 381 3866 toris,
404 3771 465 3844 iris
490 3798 511 3843 e
534 3769 643 3844 rubro
669 3769 787 3866 fimes,
801 3765 937 3870 pupula
961 3778 1158 3860 coarctate,
1173 3761 1389 3858 immobilis,

274 3889 516 3964 membranula
550 3889 784 3964 arachnoidea
819 3885 1160 3988 grisco-candicante
1196 3881 1388 3978 obvelata,

273 4007 408 4110 aliquot
430 4008 587 4108 guttulae
611 4011 788 4112 sanguinis
804 4009 843 4084 in
859 4007 1015 4087 audeam
1038 4027 1216 4080 cameram
1240 4003 1386 4100 effusae,
