3252 5166
1212 391 1283 466 227

177 495 212 552 et
236 481 490 582 promptiorem
515 479 649 555 caloris·
664 495 701 554 et
725 479 958 559 electtieitatis
975 479 1134 556 animalis
1151 481 1295 558 detrae-

177 603 310 674 tiouem
344 601 526 703 producat.
563 602 639 674 Hac
681 603 794 702 posita
831 617 1024 676 concentus
1062 603 1291 680 harmonicus

178 717 401 792 functionum
427 720 588 819 protinus
613 719 897 814 subverteretur,
927 720 994 793 nisi
1028 721 1067 793 in
1098 721 1288 820 organismi

177 835 416 936 penetralibus
441 837 560 910 statim
585 839 726 911 iruratus
751 837 811 910 ille
846 841 942 911 nisus
977 840 1172 939 proriretur
1189 894 1211 934 ,‚
1228 841 1291 938 qui

180 961 352 1056 jacturam
376 955 571 1058 quamlibet
595 959 760 1030 resaroire
785 954 913 1031 studet
940 957 1164 1058 Quapropter
1188 985 1293 1058 quae-

180 1075 232 1145 vis
258 1074 438 1174 repentina
465 1073 631 1148 deductio
657 1073 781 1149 caloris
807 1089 843 1148 et
867 1073 1102 1148 electrieitatis
1140 1075 1178 1147 in
1209 1100 1291 1173 par«

182 1191 277 1264 tibus
311 1193 499 1265 interaneis
537 1197 709 1292 majorem
751 1184 963 1266 reaetionem
1001 1193 1169 1288 suscitat,
1206 1190 1295 1266 haee

181 1324 324 1405 autem,
347 1310 398 1382 uti
425 1323 551 1410 sponte
575 1309 707 1410 liquet,
731 1312 769 1385 in
794 1309 864 1387 illis
895 1312 1046 1393 maxime
1077 1311 1210 1386 orietur
1234 1337 1294 1384 or-

182 1427 305 1525 ganis,
346 1423 474 1526 quibus
512 1425 695 1528 aequalem
736 1427 997 1530 praedictorum
1039 1426 1295 1502 elementorum

181 1544 465 1618 distributionem
488 1545 737 1641 conservandi,
761 1571 952 1646 omneque,
973 1547 1039 1619 etsi
1063 1543 1297 1638 levissimum,

183 1659 409 1763 dispendium
447 1662 685 1763 rependendi,
718 1663 901 1739 incumbit
927 1665 1017 1737 Sunt
1042 1689 1127 1739 vero
1152 1664 1189 1736 in
1215 1689 1295 1737 eor·

184 1805 270 1879 pore
287 1777 492 1853 animalium
508 1781 678 1880 sanguine
694 1779 809 1855 calido
825 1782 1086 1883 praeditorum,
1107 1807 1148 1864 ae
1176 1782 1296 1882 proin,

184 1897 229 1968 de
254 1898 361 1972 etiam
385 1899 425 1970 in
450 1897 594 1972 homine
621 1897 767 1999 triplicis
792 1899 927 2000 generis
944 1900 1198 1995 iustrumenta,
1218 1901 1297 1999 qui·

184 2015 252 2087 bus
277 2014 446 2088 normalis
480 2029 592 2090 status
627 2014 753 2090 caloris
795 2031 831 2090 et
872 2014 1108 2092 electricitatis
1143 2016 1300 2116 regitur,

184 2161 312 2234 nempe
338 2135 568 2230 excitaturae,
602 2149 840 2236 separatores,
875 2150 912 2209 et
948 2134 1190 2211 conductores.
1224 2134 1298 2210 Pro

184 2249 436 2328 excitatoribus
461 2253 682 2352 agnoscimus
707 2265 862 2353 systema
887 2279 1059 2340 nerveum
1084 2267 1121 2327 et
1151 2253 1306 2334 asterio·

163 2395 267 2442 -sum
291 2370 444 2443 invicem
480 2367 730 2464 colluctantia,
753 2393 820 2470 pro
850 2365 1106 2471 reparatoribus
1143 2384 1299 2472 systema

185 2487 433 2583 dermatieum,
448 2485 538 2588 pilos
550 2541 559 2582 ,
571 2502 608 2560 et
623 2487 660 2559 in
674 2501 774 2587 parte
788 2486 1012 2562 membranas
1025 2513 1186 2562 mucosus
1209 2495 1299 2580 (uorr

186 2604 449 2701 obliviscendo,
473 2603 570 2705 quod
595 2629 669 2678 non
694 2604 765 2678 sint
798 2619 1014 2706 separatores
1040 2603 1208 2706 perlecti,
1237 2602 1302 2680 ted

186 2721 303 2820 potius
328 2721 668 2816 semiconductores,
684 2749 795 2822 quum
812 2747 926 2824 neque
944 2722 1056 2817 calor,
1072 2748 1186 2824 neque
1210 2719 1299 2800 elce

188 2837 319 2910 trinitas
341 2837 496 2936 perlecta
522 2837 678 2911 cohiberi
704 2837 864 2934 valeant,
899 2851 1079 2940 tamquam
1109 2839 1303 2934 elementa,

189 2953 316 3053 quibus
341 2955 480 3058 nullum
517 2983 646 3058 eorpus
671 2955 729 3031 vel
754 2972 935 3034 momento
960 2973 1056 3034 earet
1071 2967 1099 3057 );
1121 2987 1188 3062 pro
1211 2985 1299 3038 con·

187 3070 390 3147 ductoribus
414 3073 559 3148 demum
584 3074 807 3156 membranas
832 3101 975 3152 scrosas.

190 3244 193 3250 -
238 3189 463 3266 Membranae
488 3218 626 3268 serosae
651 3208 735 3272 sunt
758 3195 905 3302 paginae
930 3193 1121 3297 simplices,
1147 3209 1303 3291 mamas,

188 3309 341 3410 politae,
364 3326 401 3385 et
425 3313 594 3388 corrtinuo
620 3341 750 3414 vapore
783 3331 1009 3411 uveseentes,
1042 3317 1193 3418 ideoque
1229 3322 1301 3417 jam

189 3456 232 3502 cx
256 3456 319 3504 sua
344 3445 469 3508 natura
494 3459 560 3536 pro
585 3433 817 3509 conducendo
847 3433 964 3510 ualere
1001 3449 1038 3510 ct
1074 3435 1302 3510 electricitatc

188 3549 297 3648 magis
332 3549 490 3624 idoneae.
530 3553 757 3627 Membranae
798 3581 936 3630 serosae
978 3555 1110 3658 ubique
1151 3555 1303 3631 eandem

192 3681 388 3762 texturam,
419 3670 568 3745 eandem
602 3671 783 3747 miscelam
818 3673 1035 3770 clremieam,
1074 3687 1112 3748 et
1152 3675 1303 3750 eandem

188 3786 318 3858 virium
343 3786 628 3862 informationem
653 3789 808 3888 habent,
832 3791 961 3893 quibus
998 3793 1120 3893 positis
1152 3795 1302 3868 eandem

189 3929 330 4005 quoque
357 3906 586 4004 capacitatem
612 3907 838 4008 dynarnicam
874 3907 941 3982 illis
978 3911 1092 3984 inesse
1118 3912 1207 3985 ratio
1223 3937 1301 3984 sua-

190 4021 260 4093 det
287 4022 513 4096 Membranae
539 4049 675 4096 setosae
701 4040 849 4099 nectunt
865 4041 971 4127 atquc
988 4041 1153 4128 separant
1170 4053 1301 4128 organa
1332 4107 1334 4110 ,
1380 4045 1384 4058 “

135 4199 137 4204 .
190 4165 326 4214 summe
343 4141 594 4242 heterogenea,
612 4145 781 4220 sanciunt
797 4148 916 4221 omrria
935 4149 1065 4222 viscera
1079 4203 1090 4243 ,
1105 4149 1301 4226 investiuut

189 4271 371 4334 antrorum
397 4263 567 4360 parietes,
592 4262 628 4334 iu
654 4261 896 4338 musculorum
921 4265 1108 4339 interstitia
1144 4291 1219 4340 sese
1244 4265 1299 4339 iu-

189 4375 350 4472 sinuant,
375 4379 514 4452 nervosi
541 4379 739 4478 systematis
766 4395 886 4455 centm
912 4395 949 4455 et
980 4383 1210 4483 propagines,
1238 4411 1316 4458 nee

189 4519 261 4570 uon
286 4495 446 4572 intimam
473 4497 597 4574 faciem
625 4525 787 4577 rasorum
813 4499 1016 4600 obducunt,
1049 4527 1131 4603 crgo
1164 4504 1305 4580 univer-
