<?xml version="1.0" encoding="UTF-8"?>
<!DOCTYPE html PUBLIC "-//W3C//DTD XHTML 1.0 Transitional//EN"
    "http://www.w3.org/TR/xhtml1/DTD/xhtml1-transitional.dtd">
<html xmlns="http://www.w3.org/1999/xhtml" xml:lang="en" lang="en">
 <head>
  <title>
</title>
<meta http-equiv="Content-Type" content="text/html;charset=utf-8" />
  <meta name='ocr-system' content='tesseract 3.04.00' />
  <meta name='ocr-capabilities' content='ocr_page ocr_carea ocr_par ocr_line ocrx_word'/>
</head>
<body>
  <div class='ocr_page' id='page_1' title='image "./annalesscholaec00hildgoog_0185.png"; bbox 0 0 3264 5194; ppageno 0'>
   <div class='ocr_carea' id='block_1_1' title="bbox 178 467 1318 1394">
    <p class='ocr_par' dir='ltr' id='par_1_1' title="bbox 178 467 1318 689">
     <span class='ocr_line' id='line_1_1' title="bbox 178 467 1289 576; baseline 0.007 -36"><span class='ocrx_word' id='word_1_1' title='bbox 178 467 357 566; x_wconf 64' lang='lat' dir='ltr'><strong>exhibuit,</strong></span> <span class='ocrx_word' id='word_1_2' title='bbox 381 469 559 544; x_wconf 88' lang='lat' dir='ltr'><strong>albumine</strong></span> <span class='ocrx_word' id='word_1_3' title='bbox 576 486 612 548; x_wconf 89' lang='lat' dir='ltr'><strong>et</strong></span> <span class='ocrx_word' id='word_1_4' title='bbox 628 469 729 545; x_wconf 88' lang='lat' dir='ltr'><strong>acido</strong></span> <span class='ocrx_word' id='word_1_5' title='bbox 746 471 844 548; x_wconf 87' lang='lat' dir='ltr'><strong>arico</strong></span> <span class='ocrx_word' id='word_1_6' title='bbox 859 473 1044 548; x_wconf 80' lang='lat' dir='ltr'><strong>minimam</strong></span> <span class='ocrx_word' id='word_1_7' title='bbox 1057 487 1195 548; x_wconf 81' lang='lat' dir='ltr'><strong>tantum</strong></span> <span class='ocrx_word' id='word_1_8' title='bbox 1207 501 1289 576; x_wconf 86' lang='lat' dir='ltr'><strong>par·</strong></span> 
     </span>
     <span class='ocr_line' id='line_1_2' title="bbox 178 585 1318 689; baseline 0.008 -32"><span class='ocrx_word' id='word_1_9' title='bbox 178 585 345 683; x_wconf 76' lang='lat' dir='ltr'><strong>uculam,</strong></span> <span class='ocrx_word' id='word_1_10' title='bbox 368 587 413 660; x_wconf 88' lang='lat' dir='ltr'><strong>de</strong></span> <span class='ocrx_word' id='word_1_11' title='bbox 438 587 539 661; x_wconf 90' lang='lat' dir='ltr'><strong>acido</strong></span> <span class='ocrx_word' id='word_1_12' title='bbox 562 587 883 689; x_wconf 88' lang='lat' dir='ltr'><strong>phosphoriconec</strong></span> <span class='ocrx_word' id='word_1_13' title='bbox 899 603 1059 666; x_wconf 88' lang='lat' dir='ltr'><strong>atomum</strong></span> <span class='ocrx_word' id='word_1_14' title='bbox 1075 585 1318 665; x_wconf 59' lang='lat' dir='ltr'><strong>continebat«</strong></span> 
     </span>
    </p>

    <p class='ocr_par' dir='ltr' id='par_1_2' title="bbox 178 702 1291 1394">
     <span class='ocr_line' id='line_1_3' title="bbox 228 702 1289 808; baseline 0.005 -30"><span class='ocrx_word' id='word_1_15' title='bbox 228 702 326 778; x_wconf 85' lang='lat' dir='ltr'><strong>Inter</strong></span> <span class='ocrx_word' id='word_1_16' title='bbox 350 717 494 776; x_wconf 87' lang='lat' dir='ltr'><strong>cunctas</strong></span> <span class='ocrx_word' id='word_1_17' title='bbox 519 702 666 778; x_wconf 86' lang='lat' dir='ltr'><strong>diabetis</strong></span> <span class='ocrx_word' id='word_1_18' title='bbox 683 703 858 801; x_wconf 83' lang='lat' dir='ltr'><strong>theorias,</strong></span> <span class='ocrx_word' id='word_1_19' title='bbox 873 704 1053 780; x_wconf 73' lang='lat' dir='ltr'><strong>mbooalis</strong></span> <span class='ocrx_word' id='word_1_20' title='bbox 1068 706 1289 808; x_wconf 82' lang='lat' dir='ltr'><strong>pathologiac</strong></span> 
     </span>
     <span class='ocr_line' id='line_1_4' title="bbox 178 823 1291 928; baseline 0.008 -35"><span class='ocrx_word' id='word_1_21' title='bbox 178 823 360 923; x_wconf 81' lang='lat' dir='ltr'><strong>principiis</strong></span> <span class='ocrx_word' id='word_1_22' title='bbox 389 825 541 896; x_wconf 84' lang='lat' dir='ltr'><strong>maxime</strong></span> <span class='ocrx_word' id='word_1_23' title='bbox 566 849 721 898; x_wconf 89' lang='lat' dir='ltr'><strong>consona</strong></span> <span class='ocrx_word' id='word_1_24' title='bbox 750 823 852 899; x_wconf 86' lang='lat' dir='ltr'><strong>nobis</strong></span> <span class='ocrx_word' id='word_1_25' title='bbox 886 825 1027 900; x_wconf 84' lang='lat' dir='ltr'><strong>videtur</strong></span> <span class='ocrx_word' id='word_1_26' title='bbox 1058 823 1150 928; x_wconf 89' lang='lat' dir='ltr'><strong>illa,</strong></span> <span class='ocrx_word' id='word_1_27' title='bbox 1182 851 1291 926; x_wconf 71' lang='lat' dir='ltr'><strong>pram</strong></span> 
     </span>
     <span class='ocr_line' id='line_1_5' title="bbox 178 939 1291 1044; baseline 0.005 -32"><span class='ocrx_word' id='word_1_28' title='bbox 178 941 258 1012; x_wconf 80' lang='lat' dir='ltr'><strong>loa.</strong></span> <span class='ocrx_word' id='word_1_29' title='bbox 282 939 421 1014; x_wconf 79' lang='lat' dir='ltr'><strong>Parrus</strong></span> <span class='ocrx_word' id='word_1_30' title='bbox 446 939 567 1014; x_wconf 79' lang='lat' dir='ltr'><strong>Fnarnr</strong></span> <span class='ocrx_word' id='word_1_31' title='bbox 590 943 801 1044; x_wconf 76' lang='lat' dir='ltr'><strong>proposuit,</strong></span> <span class='ocrx_word' id='word_1_32' title='bbox 823 944 946 1043; x_wconf 89' lang='lat' dir='ltr'><strong>paucis</strong></span> <span class='ocrx_word' id='word_1_33' title='bbox 980 957 1117 1020; x_wconf 85' lang='lat' dir='ltr'><strong>tantum</strong></span> <span class='ocrx_word' id='word_1_34' title='bbox 1150 945 1291 1018; x_wconf 84' lang='lat' dir='ltr'><strong>modifi-</strong></span> 
     </span>
     <span class='ocr_line' id='line_1_6' title="bbox 178 1041 1291 1163; baseline 0.005 -33"><span class='ocrx_word' id='word_1_35' title='bbox 178 1041 300 1131; x_wconf 89' lang='lat' dir='ltr'><strong>canda.</strong></span> <span class='ocrx_word' id='word_1_36' title='bbox 324 1059 511 1132; x_wconf 82' lang='lat' dir='ltr'><strong>Incitatam</strong></span> <span class='ocrx_word' id='word_1_37' title='bbox 534 1058 701 1134; x_wconf 81' lang='lat' dir='ltr'><strong>videlicet</strong></span> <span class='ocrx_word' id='word_1_38' title='bbox 724 1061 1036 1162; x_wconf 83' lang='lat' dir='ltr'><strong>praetermodum</strong></span> <span class='ocrx_word' id='word_1_39' title='bbox 1058 1063 1291 1163; x_wconf 76' lang='lat' dir='ltr'><strong>supponimus</strong></span> 
     </span>
     <span class='ocr_line' id='line_1_7' title="bbox 179 1173 1291 1279; baseline 0.007 -33"><span class='ocrx_word' id='word_1_40' title='bbox 179 1175 378 1274; x_wconf 72' lang='lat' dir='ltr'><strong>systematis</strong></span> <span class='ocrx_word' id='word_1_41' title='bbox 402 1173 611 1276; x_wconf 78' lang='lat' dir='ltr'><strong>lymphatici</strong></span> <span class='ocrx_word' id='word_1_42' title='bbox 641 1176 840 1273; x_wconf 72' lang='lat' dir='ltr'><strong>annonem,</strong></span> <span class='ocrx_word' id='word_1_43' title='bbox 863 1190 901 1252; x_wconf 86' lang='lat' dir='ltr'><strong>et</strong></span> <span class='ocrx_word' id='word_1_44' title='bbox 924 1178 1030 1250; x_wconf 83' lang='lat' dir='ltr'><strong>nimis</strong></span> <span class='ocrx_word' id='word_1_45' title='bbox 1063 1178 1291 1279; x_wconf 86' lang='lat' dir='ltr'><strong>praecipitem</strong></span> 
     </span>
     <span class='ocr_line' id='line_1_8' title="bbox 178 1293 1289 1394; baseline 0.006 -29"><span class='ocrx_word' id='word_1_46' title='bbox 178 1319 382 1394; x_wconf 84' lang='lat' dir='ltr'><strong>processum</strong></span> <span class='ocrx_word' id='word_1_47' title='bbox 407 1293 643 1392; x_wconf 87' lang='lat' dir='ltr'><strong>reductionis,</strong></span> <span class='ocrx_word' id='word_1_48' title='bbox 667 1296 762 1370; x_wconf 91' lang='lat' dir='ltr'><strong>unde</strong></span> <span class='ocrx_word' id='word_1_49' title='bbox 788 1296 955 1370; x_wconf 85' lang='lat' dir='ltr'><strong>efficitur:</strong></span> <span class='ocrx_word' id='word_1_50' title='bbox 986 1323 1015 1370; x_wconf 86' lang='lat' dir='ltr'><strong>r.</strong></span> <span class='ocrx_word' id='word_1_51' title='bbox 1044 1298 1152 1390; x_wconf 88' lang='lat' dir='ltr'><strong>Quod</strong></span> <span class='ocrx_word' id='word_1_52' title='bbox 1165 1295 1289 1394; x_wconf 85' lang='lat' dir='ltr'><strong>bibula</strong></span> 
     </span>
    </p>
   </div>
   <div class='ocr_carea' id='block_1_2' title="bbox 179 1410 1289 1490">
    <p class='ocr_par' dir='ltr' id='par_1_3' title="bbox 179 1410 1289 1490">
     <span class='ocr_line' id='line_1_9' title="bbox 179 1410 1289 1490; baseline 0.002 -4"><span class='ocrx_word' id='word_1_53' title='bbox 179 1438 344 1486; x_wconf 87' lang='lat' dir='ltr'><strong>vasorum</strong></span> <span class='ocrx_word' id='word_1_54' title='bbox 367 1410 630 1486; x_wconf 84' lang='lat' dir='ltr'><strong>absorbentium</strong></span> <span class='ocrx_word' id='word_1_55' title='bbox 655 1411 781 1490; x_wconf 86' lang='lat' dir='ltr'><strong>ostiola</strong></span> <span class='ocrx_word' id='word_1_56' title='bbox 804 1437 923 1488; x_wconf 88' lang='lat' dir='ltr'><strong>rorem</strong></span> <span class='ocrx_word' id='word_1_57' title='bbox 946 1413 1135 1488; x_wconf 76' lang='lat' dir='ltr'><strong>animalem</strong></span> <span class='ocrx_word' id='word_1_58' title='bbox 1151 1428 1188 1488; x_wconf 87' lang='lat' dir='ltr'><strong>et</strong></span> <span class='ocrx_word' id='word_1_59' title='bbox 1211 1439 1289 1488; x_wconf 83' lang='lat' dir='ltr'><strong>mu·</strong></span> 
     </span>
    </p>
   </div>
   <div class='ocr_carea' id='block_1_3' title="bbox 180 1526 1466 1634">
    <p class='ocr_par' dir='ltr' id='par_1_4' title="bbox 153 1526 1466 1634">
     <span class='ocr_line' id='line_1_10' title="bbox 180 1526 1466 1634; baseline 0.007 -32.815"><span class='ocrx_word' id='word_1_60' title='bbox 180 1528 389 1626; x_wconf 80' lang='lat' dir='ltr'><strong>colentum,</strong></span> <span class='ocrx_word' id='word_1_61' title='bbox 412 1554 484 1630; x_wconf 91' lang='lat' dir='ltr'><strong>quo</strong></span> <span class='ocrx_word' id='word_1_62' title='bbox 509 1529 626 1614; x_wconf 81' lang='lat' dir='ltr'><strong>lauces</strong></span> <span class='ocrx_word' id='word_1_63' title='bbox 661 1544 698 1605; x_wconf 85' lang='lat' dir='ltr'><strong>et</strong></span> <span class='ocrx_word' id='word_1_64' title='bbox 734 1556 774 1606; x_wconf 84' lang='lat' dir='ltr'><strong>oa</strong></span> <span class='ocrx_word' id='word_1_65' title='bbox 808 1545 981 1634; x_wconf 84' lang='lat' dir='ltr'><strong>perpetuo</strong></span> <span class='ocrx_word' id='word_1_66' title='bbox 1015 1531 1293 1634; x_wconf 83' lang='lat' dir='ltr'><strong>humectantpr,</strong></span> <span class='ocrx_word' id='word_1_67' title='bbox 1361 1526 1365 1532; x_wconf 47' lang='lat'>⁵</span> <span class='ocrx_word' id='word_1_68' title='bbox 1461 1567 1466 1578; x_wconf 94' lang='lat'><strong>·</strong></span> 
     </span>
    </p>
   </div>
   <div class='ocr_carea' id='block_1_4' title="bbox 169 1647 1409 4706">
    <p class='ocr_par' dir='ltr' id='par_1_5' title="bbox 169 1647 1409 4330">
     <span class='ocr_line' id='line_1_11' title="bbox 179 1647 1290 1750; baseline 0.003 -30"><span class='ocrx_word' id='word_1_69' title='bbox 179 1648 281 1722; x_wconf 86' lang='lat' dir='ltr'><strong>avide</strong></span> <span class='ocrx_word' id='word_1_70' title='bbox 304 1649 539 1748; x_wconf 70' lang='lat' dir='ltr'><strong>ingurgitent,</strong></span> <span class='ocrx_word' id='word_1_71' title='bbox 564 1647 695 1750; x_wconf 87' lang='lat' dir='ltr'><strong>talique</strong></span> <span class='ocrx_word' id='word_1_72' title='bbox 717 1662 825 1750; x_wconf 88' lang='lat' dir='ltr'><strong>pacto</strong></span> <span class='ocrx_word' id='word_1_73' title='bbox 849 1661 1057 1750; x_wconf 81' lang='lat' dir='ltr'><strong>perpetuam</strong></span> <span class='ocrx_word' id='word_1_74' title='bbox 1081 1649 1290 1746; x_wconf 87' lang='lat' dir='ltr'><strong>siccitatem,</strong></span> 
     </span>
     <span class='ocr_line' id='line_1_12' title="bbox 179 1765 1290 1868; baseline 0.005 -32"><span class='ocrx_word' id='word_1_75' title='bbox 179 1766 286 1865; x_wconf 89' lang='lat' dir='ltr'><strong>inque</strong></span> <span class='ocrx_word' id='word_1_76' title='bbox 311 1767 428 1841; x_wconf 83' lang='lat' dir='ltr'><strong>nervis</strong></span> <span class='ocrx_word' id='word_1_77' title='bbox 452 1765 637 1840; x_wconf 84' lang='lat' dir='ltr'><strong>molestam</strong></span> <span class='ocrx_word' id='word_1_78' title='bbox 670 1767 906 1842; x_wconf 74' lang='lat' dir='ltr'><strong>consutionem</strong></span> <span class='ocrx_word' id='word_1_79' title='bbox 930 1767 1053 1860; x_wconf 85' lang='lat' dir='ltr'><strong>(sitim</strong></span> <span class='ocrx_word' id='word_1_80' title='bbox 1069 1773 1109 1862; x_wconf 75' lang='lat' dir='ltr'><strong>l,</strong></span> <span class='ocrx_word' id='word_1_81' title='bbox 1143 1793 1234 1868; x_wconf 87' lang='lat' dir='ltr'><strong>quae</strong></span> <span class='ocrx_word' id='word_1_82' title='bbox 1268 1791 1290 1842; x_wconf 84' lang='lat' dir='ltr'><strong>a</strong></span> 
     </span>
     <span class='ocr_line' id='line_1_13' title="bbox 185 1881 1291 1984; baseline 0.004 -30"><span class='ocrx_word' id='word_1_83' title='bbox 185 1881 370 1955; x_wconf 87' lang='lat' dir='ltr'><strong>deficiente</strong></span> <span class='ocrx_word' id='word_1_84' title='bbox 393 1883 505 1958; x_wconf 87' lang='lat' dir='ltr'><strong>adore</strong></span> <span class='ocrx_word' id='word_1_85' title='bbox 529 1883 681 1984; x_wconf 84' lang='lat' dir='ltr'><strong>pendet,</strong></span> <span class='ocrx_word' id='word_1_86' title='bbox 704 1885 908 1981; x_wconf 71' lang='lat' dir='ltr'><strong>concitant,</strong></span> <span class='ocrx_word' id='word_1_87' title='bbox 929 1925 982 1942; x_wconf 87' lang='lat'><em>-</em></span> <span class='ocrx_word' id='word_1_88' title='bbox 998 1910 1030 1956; x_wconf 82' lang='lat'><strong>2.</strong></span> <span class='ocrx_word' id='word_1_89' title='bbox 1043 1885 1164 1976; x_wconf 77' lang='lat' dir='ltr'><strong>Quod</strong></span> <span class='ocrx_word' id='word_1_90' title='bbox 1187 1882 1291 1958; x_wconf 83' lang='lat' dir='ltr'><strong>aucta</strong></span> 
     </span>
     <span class='ocr_line' id='line_1_14' title="bbox 180 1997 1289 2101; baseline 0.001 -29"><span class='ocrx_word' id='word_1_91' title='bbox 180 2024 349 2073; x_wconf 84' lang='lat' dir='ltr'><strong>vasorum</strong></span> <span class='ocrx_word' id='word_1_92' title='bbox 370 1999 605 2072; x_wconf 86' lang='lat' dir='ltr'><strong>inhalantium</strong></span> <span class='ocrx_word' id='word_1_93' title='bbox 629 1999 720 2090; x_wconf 79' lang='lat' dir='ltr'><strong>cutis</strong></span> <span class='ocrx_word' id='word_1_94' title='bbox 743 2002 883 2082; x_wconf 82' lang='lat' dir='ltr'><strong>actione</strong></span> <span class='ocrx_word' id='word_1_95' title='bbox 898 2025 1032 2101; x_wconf 78' lang='lat' dir='ltr'><strong>aquom</strong></span> <span class='ocrx_word' id='word_1_96' title='bbox 1045 1997 1140 2077; x_wconf 85' lang='lat' dir='ltr'><strong>latex</strong></span> <span class='ocrx_word' id='word_1_97' title='bbox 1156 2026 1177 2074; x_wconf 88' lang='lat' dir='ltr'><strong>e</strong></span> <span class='ocrx_word' id='word_1_98' title='bbox 1193 2025 1289 2101; x_wconf 89' lang='lat' dir='ltr'><strong>penu</strong></span> 
     </span>
     <span class='ocr_line' id='line_1_15' title="bbox 176 2114 1291 2216; baseline 0.004 -30"><span class='ocrx_word' id='word_1_99' title='bbox 176 2114 441 2214; x_wconf 88' lang='lat' dir='ltr'><strong>atmosphaerac</strong></span> <span class='ocrx_word' id='word_1_100' title='bbox 466 2114 708 2212; x_wconf 77' lang='lat' dir='ltr'><strong>resorbentur,</strong></span> <span class='ocrx_word' id='word_1_101' title='bbox 731 2129 840 2216; x_wconf 85' lang='lat' dir='ltr'><strong>atque</strong></span> <span class='ocrx_word' id='word_1_102' title='bbox 867 2116 1047 2194; x_wconf 76' lang='lat' dir='ltr'><strong>mutuatur</strong></span> <span class='ocrx_word' id='word_1_103' title='bbox 1076 2128 1202 2192; x_wconf 84' lang='lat' dir='ltr'><strong>contra</strong></span> <span class='ocrx_word' id='word_1_104' title='bbox 1237 2114 1291 2190; x_wconf 85' lang='lat' dir='ltr'><strong>la·</strong></span> 
     </span>
     <span class='ocr_line' id='line_1_16' title="bbox 177 2232 1409 2334; baseline 0.004 -30"><span class='ocrx_word' id='word_1_105' title='bbox 177 2233 255 2304; x_wconf 85' lang='lat' dir='ltr'><strong>ticis</strong></span> <span class='ocrx_word' id='word_1_106' title='bbox 280 2232 404 2332; x_wconf 90' lang='lat' dir='ltr'><strong>liquidi</strong></span> <span class='ocrx_word' id='word_1_107' title='bbox 429 2259 494 2332; x_wconf 87' lang='lat' dir='ltr'><strong>per</strong></span> <span class='ocrx_word' id='word_1_108' title='bbox 517 2233 739 2333; x_wconf 87' lang='lat' dir='ltr'><strong>superficiem</strong></span> <span class='ocrx_word' id='word_1_109' title='bbox 761 2259 939 2328; x_wconf 86' lang='lat' dir='ltr'><strong>secessus,</strong></span> <span class='ocrx_word' id='word_1_110' title='bbox 958 2234 1049 2308; x_wconf 86' lang='lat' dir='ltr'><strong>ratio</strong></span> <span class='ocrx_word' id='word_1_111' title='bbox 1070 2235 1195 2334; x_wconf 81' lang='lat' dir='ltr'><strong>copiae</strong></span> <span class='ocrx_word' id='word_1_112' title='bbox 1221 2235 1291 2308; x_wconf 53' lang='lat' dir='ltr'><strong>uris</strong></span> <span class='ocrx_word' id='word_1_113' title='bbox 1405 2285 1409 2296; x_wconf 87' lang='lat'><strong>·</strong></span> 
     </span>
     <span class='ocr_line' id='line_1_17' title="bbox 177 2343 1406 2452; baseline 0.005 -29"><span class='ocrx_word' id='word_1_114' title='bbox 177 2377 303 2424; x_wconf 85' lang='lat' dir='ltr'><strong>narum</strong></span> <span class='ocrx_word' id='word_1_115' title='bbox 328 2365 454 2452; x_wconf 89' lang='lat' dir='ltr'><strong>potum</strong></span> <span class='ocrx_word' id='word_1_116' title='bbox 478 2351 698 2452; x_wconf 84' lang='lat' dir='ltr'><strong>superantia,</strong></span> <span class='ocrx_word' id='word_1_117' title='bbox 728 2377 795 2424; x_wconf 88' lang='lat' dir='ltr'><strong>nec</strong></span> <span class='ocrx_word' id='word_1_118' title='bbox 828 2375 904 2428; x_wconf 81' lang='lat' dir='ltr'><strong>nou</strong></span> <span class='ocrx_word' id='word_1_119' title='bbox 939 2350 1040 2452; x_wconf 87' lang='lat' dir='ltr'><strong>pellis</strong></span> <span class='ocrx_word' id='word_1_120' title='bbox 1076 2377 1219 2452; x_wconf 86' lang='lat' dir='ltr'><strong>asperae</strong></span> <span class='ocrx_word' id='word_1_121' title='bbox 1253 2343 1292 2428; x_wconf 73' lang='lat' dir='ltr'><strong>et</strong></span> <span class='ocrx_word' id='word_1_122' title='bbox 1350 2382 1353 2387; x_wconf 91' lang='lat'><em>·</em></span> <span class='ocrx_word' id='word_1_123' title='bbox 1401 2425 1406 2437; x_wconf 85' lang='grc'><strong>,</strong></span> 
     </span>
     <span class='ocr_line' id='line_1_18' title="bbox 179 2469 1291 2572; baseline 0.005 -31"><span class='ocrx_word' id='word_1_124' title='bbox 179 2469 306 2544; x_wconf 77' lang='lat' dir='ltr'><strong>aridae.</strong></span> <span class='ocrx_word' id='word_1_125' title='bbox 343 2471 537 2571; x_wconf 90' lang='lat' dir='ltr'><strong>Quousque</strong></span> <span class='ocrx_word' id='word_1_126' title='bbox 572 2471 698 2554; x_wconf 82' lang='lat' dir='ltr'><strong>vitiosa</strong></span> <span class='ocrx_word' id='word_1_127' title='bbox 735 2469 865 2549; x_wconf 88' lang='lat' dir='ltr'><strong>haecce</strong></span> <span class='ocrx_word' id='word_1_128' title='bbox 898 2471 1070 2572; x_wconf 83' lang='lat' dir='ltr'><strong>resorptio</strong></span> <span class='ocrx_word' id='word_1_129' title='bbox 1104 2471 1207 2546; x_wconf 79' lang='lat' dir='ltr'><strong>unice</strong></span> <span class='ocrx_word' id='word_1_130' title='bbox 1243 2471 1291 2547; x_wconf 87' lang='lat' dir='ltr'><strong>ad</strong></span> 
     </span>
     <span class='ocr_line' id='line_1_19' title="bbox 179 2586 1291 2688; baseline 0.004 -28"><span class='ocrx_word' id='word_1_131' title='bbox 179 2587 441 2688; x_wconf 88' lang='lat' dir='ltr'><strong>periphericum</strong></span> <span class='ocrx_word' id='word_1_132' title='bbox 465 2589 622 2688; x_wconf 86' lang='lat' dir='ltr'><strong>corporis</strong></span> <span class='ocrx_word' id='word_1_133' title='bbox 646 2586 820 2662; x_wconf 90' lang='lat' dir='ltr'><strong>ambitum</strong></span> <span class='ocrx_word' id='word_1_134' title='bbox 848 2587 1170 2686; x_wconf 81' lang='lat' dir='ltr'><strong>circumscribitur,</strong></span> <span class='ocrx_word' id='word_1_135' title='bbox 1192 2587 1291 2664; x_wconf 85' lang='lat' dir='ltr'><strong>nulla</strong></span> 
     </span>
     <span class='ocr_line' id='line_1_20' title="bbox 178 2705 1290 2809; baseline 0.005 -31"><span class='ocrx_word' id='word_1_136' title='bbox 178 2705 368 2779; x_wconf 83' lang='lat' dir='ltr'><strong>haberetur</strong></span> <span class='ocrx_word' id='word_1_137' title='bbox 392 2707 482 2782; x_wconf 86' lang='lat' dir='ltr'><strong>ratio</strong></span> <span class='ocrx_word' id='word_1_138' title='bbox 498 2723 597 2802; x_wconf 68' lang='lat' dir='ltr'><strong>,tour</strong></span> <span class='ocrx_word' id='word_1_139' title='bbox 624 2707 733 2789; x_wconf 83' lang='lat' dir='ltr'><strong>etiam</strong></span> <span class='ocrx_word' id='word_1_140' title='bbox 765 2705 872 2782; x_wconf 80' lang='lat' dir='ltr'><strong>altilia</strong></span> <span class='ocrx_word' id='word_1_141' title='bbox 907 2705 1019 2780; x_wconf 81' lang='lat' dir='ltr'><strong>lomes</strong></span> <span class='ocrx_word' id='word_1_142' title='bbox 1054 2706 1101 2782; x_wconf 90' lang='lat' dir='ltr'><strong>ad</strong></span> <span class='ocrx_word' id='word_1_143' title='bbox 1134 2721 1290 2809; x_wconf 81' lang='lat' dir='ltr'><strong>systema</strong></span> 
     </span>
     <span class='ocr_line' id='line_1_21' title="bbox 178 2826 1291 2926; baseline 0.007 -30"><span class='ocrx_word' id='word_1_144' title='bbox 178 2826 423 2926; x_wconf 71' lang='lat' dir='ltr'><strong>uropotticum</strong></span> <span class='ocrx_word' id='word_1_145' title='bbox 464 2840 655 2924; x_wconf 65' lang='lat' dir='ltr'><strong>urgeatur,</strong></span> <span class='ocrx_word' id='word_1_146' title='bbox 691 2827 813 2900; x_wconf 86' lang='lat' dir='ltr'><strong>urinae</strong></span> <span class='ocrx_word' id='word_1_147' title='bbox 855 2841 975 2901; x_wconf 89' lang='lat' dir='ltr'><strong>tamen</strong></span> <span class='ocrx_word' id='word_1_148' title='bbox 1015 2827 1291 2912; x_wconf 86' lang='lat' dir='ltr'><strong>elaborationem</strong></span> 
     </span>
     <span class='ocr_line' id='line_1_22' title="bbox 174 2941 1285 3048; baseline 0.007 -35"><span class='ocrx_word' id='word_1_149' title='bbox 174 2941 411 3041; x_wconf 84' lang='lat' dir='ltr'><strong>mpersectam</strong></span> <span class='ocrx_word' id='word_1_150' title='bbox 435 2967 541 3016; x_wconf 88' lang='lat' dir='ltr'><strong>nemo</strong></span> <span class='ocrx_word' id='word_1_151' title='bbox 565 2942 768 3041; x_wconf 90' lang='lat' dir='ltr'><strong>mirabitur,</strong></span> <span class='ocrx_word' id='word_1_152' title='bbox 783 2945 846 3046; x_wconf 89' lang='lat' dir='ltr'><strong>qui</strong></span> <span class='ocrx_word' id='word_1_153' title='bbox 869 2945 975 3018; x_wconf 88' lang='lat' dir='ltr'><strong>nimis</strong></span> <span class='ocrx_word' id='word_1_154' title='bbox 999 2945 1163 3047; x_wconf 89' lang='lat' dir='ltr'><strong>rapidum</strong></span> <span class='ocrx_word' id='word_1_155' title='bbox 1179 2945 1285 3048; x_wconf 90' lang='lat' dir='ltr'><strong>liqui·</strong></span> 
     </span>
     <span class='ocr_line' id='line_1_23' title="bbox 175 3059 1285 3163; baseline 0.007 -32"><span class='ocrx_word' id='word_1_156' title='bbox 175 3059 304 3133; x_wconf 90' lang='lat' dir='ltr'><strong>dorum</strong></span> <span class='ocrx_word' id='word_1_157' title='bbox 337 3085 402 3158; x_wconf 91' lang='lat' dir='ltr'><strong>per</strong></span> <span class='ocrx_word' id='word_1_158' title='bbox 436 3085 537 3134; x_wconf 88' lang='lat' dir='ltr'><strong>renes</strong></span> <span class='ocrx_word' id='word_1_159' title='bbox 573 3075 609 3134; x_wconf 91' lang='lat' dir='ltr'><strong>et</strong></span> <span class='ocrx_word' id='word_1_160' title='bbox 642 3061 796 3138; x_wconf 85' lang='lat' dir='ltr'><strong>vesicam</strong></span> <span class='ocrx_word' id='word_1_161' title='bbox 819 3063 1017 3141; x_wconf 76' lang='lat' dir='ltr'><strong>,transitum</strong></span> <span class='ocrx_word' id='word_1_162' title='bbox 1049 3087 1135 3163; x_wconf 84' lang='lat' dir='ltr'><strong>prae</strong></span> <span class='ocrx_word' id='word_1_163' title='bbox 1172 3063 1285 3139; x_wconf 85' lang='lat' dir='ltr'><strong>oculis</strong></span> 
     </span>
     <span class='ocr_line' id='line_1_24' title="bbox 176 3175 1286 3280; baseline 0.009 -33"><span class='ocrx_word' id='word_1_164' title='bbox 176 3175 292 3249; x_wconf 87' lang='lat' dir='ltr'><strong>habet.</strong></span> <span class='ocrx_word' id='word_1_165' title='bbox 326 3178 385 3249; x_wconf 90' lang='lat' dir='ltr'><strong>En</strong></span> <span class='ocrx_word' id='word_1_166' title='bbox 415 3190 513 3252; x_wconf 88' lang='lat' dir='ltr'><strong>ortus</strong></span> <span class='ocrx_word' id='word_1_167' title='bbox 547 3175 696 3260; x_wconf 75' lang='lat' dir='ltr'><strong>diabetis</strong></span> <span class='ocrx_word' id='word_1_168' title='bbox 712 3176 879 3280; x_wconf 82' lang='lat' dir='ltr'><strong>¹insipidi</strong></span> <span class='ocrx_word' id='word_1_169' title='bbox 903 3219 955 3236; x_wconf 90' lang='lat'><strong>·-</strong></span> <span class='ocrx_word' id='word_1_170' title='bbox 979 3179 1012 3254; x_wconf 83' lang='lat'><strong>3.</strong></span> <span class='ocrx_word' id='word_1_171' title='bbox 1035 3179 1175 3273; x_wconf 69' lang='lat' dir='ltr'><strong>Quodsi</strong></span> <span class='ocrx_word' id='word_1_172' title='bbox 1199 3207 1286 3271; x_wconf 72' lang='lat' dir='ltr'><strong>vcro</strong></span> 
     </span>
     <span class='ocr_line' id='line_1_25' title="bbox 174 3289 1285 3400; baseline 0.01 -33"><span class='ocrx_word' id='word_1_173' title='bbox 174 3293 316 3369; x_wconf 88' lang='lat' dir='ltr'><strong>illorum</strong></span> <span class='ocrx_word' id='word_1_174' title='bbox 351 3297 485 3395; x_wconf 74' lang='lat' dir='ltr'><strong>enam,</strong></span> <span class='ocrx_word' id='word_1_175' title='bbox 520 3323 611 3398; x_wconf 86' lang='lat' dir='ltr'><strong>quae</strong></span> <span class='ocrx_word' id='word_1_176' title='bbox 645 3299 833 3397; x_wconf 87' lang='lat' dir='ltr'><strong>organismi</strong></span> <span class='ocrx_word' id='word_1_177' title='bbox 866 3299 1100 3400; x_wconf 86' lang='lat' dir='ltr'><strong>penitissimas</strong></span> <span class='ocrx_word' id='word_1_178' title='bbox 1132 3289 1285 3378; x_wconf 73' lang='lat' dir='ltr'><strong>latebras</strong></span> 
     </span>
     <span class='ocr_line' id='line_1_26' title="bbox 173 3415 1286 3519; baseline 0.01 -31"><span class='ocrx_word' id='word_1_179' title='bbox 173 3430 396 3517; x_wconf 85' lang='lat' dir='ltr'><strong>perreptant,</strong></span> <span class='ocrx_word' id='word_1_180' title='bbox 419 3443 586 3494; x_wconf 86' lang='lat' dir='ltr'><strong>vasorum</strong></span> <span class='ocrx_word' id='word_1_181' title='bbox 609 3415 909 3519; x_wconf 85' lang='lat' dir='ltr'><strong>lymphaticorum</strong></span> <span class='ocrx_word' id='word_1_182' title='bbox 932 3417 1075 3517; x_wconf 88' lang='lat' dir='ltr'><strong>oscula,</strong></span> <span class='ocrx_word' id='word_1_183' title='bbox 1097 3421 1136 3495; x_wconf 88' lang='lat' dir='ltr'><strong>in</strong></span> <span class='ocrx_word' id='word_1_184' title='bbox 1160 3420 1286 3499; x_wconf 84' lang='lat' dir='ltr'><strong>abnor-</strong></span> 
     </span>
     <span class='ocr_line' id='line_1_27' title="bbox 172 3533 1284 3640; baseline 0.011 -34"><span class='ocrx_word' id='word_1_185' title='bbox 172 3561 267 3607; x_wconf 88' lang='lat' dir='ltr'><strong>mem</strong></span> <span class='ocrx_word' id='word_1_186' title='bbox 291 3533 431 3611; x_wconf 88' lang='lat' dir='ltr'><strong>bibulae</strong></span> <span class='ocrx_word' id='word_1_187' title='bbox 456 3535 682 3611; x_wconf 87' lang='lat' dir='ltr'><strong>adtractionis</strong></span> <span class='ocrx_word' id='word_1_188' title='bbox 711 3549 844 3612; x_wconf 90' lang='lat' dir='ltr'><strong>statum</strong></span> <span class='ocrx_word' id='word_1_189' title='bbox 878 3539 1134 3640; x_wconf 81' lang='lat' dir='ltr'><strong>conjiciantur,</strong></span> <span class='ocrx_word' id='word_1_190' title='bbox 1167 3569 1284 3618; x_wconf 88' lang='lat' dir='ltr'><strong>massa</strong></span> 
     </span>
     <span class='ocr_line' id='line_1_28' title="bbox 172 3650 1284 3755; baseline 0.011 -32"><span class='ocrx_word' id='word_1_191' title='bbox 172 3653 333 3749; x_wconf 88' lang='lat' dir='ltr'><strong>organica</strong></span> <span class='ocrx_word' id='word_1_192' title='bbox 370 3650 502 3749; x_wconf 89' lang='lat' dir='ltr'><strong>altilis,</strong></span> <span class='ocrx_word' id='word_1_193' title='bbox 531 3653 577 3728; x_wconf 92' lang='lat' dir='ltr'><strong>ob</strong></span> <span class='ocrx_word' id='word_1_194' title='bbox 607 3653 753 3731; x_wconf 86' lang='lat' dir='ltr'><strong>brevem</strong></span> <span class='ocrx_word' id='word_1_195' title='bbox 783 3656 888 3730; x_wconf 89' lang='lat' dir='ltr'><strong>nimis</strong></span> <span class='ocrx_word' id='word_1_196' title='bbox 923 3683 1088 3755; x_wconf 90' lang='lat' dir='ltr'><strong>moram,</strong></span> <span class='ocrx_word' id='word_1_197' title='bbox 1124 3683 1284 3734; x_wconf 83' lang='lat' dir='ltr'><strong>neccssa-</strong></span> 
     </span>
     <span class='ocr_line' id='line_1_29' title="bbox 171 3768 1283 3878; baseline 0.011 -39"><span class='ocrx_word' id='word_1_198' title='bbox 171 3769 263 3840; x_wconf 90' lang='lat' dir='ltr'><strong>n&#39;um</strong></span> <span class='ocrx_word' id='word_1_199' title='bbox 288 3768 519 3844; x_wconf 85' lang='lat' dir='ltr'><strong>absolutionis</strong></span> <span class='ocrx_word' id='word_1_200' title='bbox 544 3771 691 3870; x_wconf 86' lang='lat' dir='ltr'><strong>gradum</strong></span> <span class='ocrx_word' id='word_1_201' title='bbox 715 3771 895 3872; x_wconf 88' lang='lat' dir='ltr'><strong>adtingere</strong></span> <span class='ocrx_word' id='word_1_202' title='bbox 919 3775 1110 3875; x_wconf 80' lang='lat' dir='ltr'><strong>nequiens,</strong></span> <span class='ocrx_word' id='word_1_203' title='bbox 1131 3775 1283 3878; x_wconf 87' lang='lat' dir='ltr'><strong>idooquc</strong></span> 
     </span>
     <span class='ocr_line' id='line_1_30' title="bbox 170 3887 1280 3991; baseline 0.012 -34"><span class='ocrx_word' id='word_1_204' title='bbox 170 3887 266 3986; x_wconf 83' lang='lat' dir='ltr'><strong>clryli</strong></span> <span class='ocrx_word' id='word_1_205' title='bbox 291 3888 492 3986; x_wconf 77' lang='lat' dir='ltr'><strong>vegetabilis</strong></span> <span class='ocrx_word' id='word_1_206' title='bbox 517 3889 635 3988; x_wconf 85' lang='lat' dir='ltr'><strong>potius</strong></span> <span class='ocrx_word' id='word_1_207' title='bbox 660 3915 768 3991; x_wconf 92' lang='lat' dir='ltr'><strong>quam</strong></span> <span class='ocrx_word' id='word_1_208' title='bbox 792 3887 953 3964; x_wconf 87' lang='lat' dir='ltr'><strong>animalis</strong></span> <span class='ocrx_word' id='word_1_209' title='bbox 981 3893 1074 3966; x_wconf 87' lang='lat' dir='ltr'><strong>intra</strong></span> <span class='ocrx_word' id='word_1_210' title='bbox 1106 3893 1280 3970; x_wconf 78' lang='lat' dir='ltr'><strong>cancellos</strong></span> 
     </span>
     <span class='ocr_line' id='line_1_31' title="bbox 169 4007 1282 4112; baseline 0.01 -36"><span class='ocrx_word' id='word_1_211' title='bbox 169 4007 385 4102; x_wconf 87' lang='lat' dir='ltr'><strong>consistens,</strong></span> <span class='ocrx_word' id='word_1_212' title='bbox 408 4008 590 4108; x_wconf 87' lang='lat' dir='ltr'><strong>praecipiti</strong></span> <span class='ocrx_word' id='word_1_213' title='bbox 616 4034 721 4082; x_wconf 84' lang='lat' dir='ltr'><strong>cursu</strong></span> <span class='ocrx_word' id='word_1_214' title='bbox 737 4035 859 4084; x_wconf 86' lang='lat' dir='ltr'><strong>versus</strong></span> <span class='ocrx_word' id='word_1_215' title='bbox 883 4035 984 4084; x_wconf 87' lang='lat' dir='ltr'><strong>renes</strong></span> <span class='ocrx_word' id='word_1_216' title='bbox 1009 4009 1220 4112; x_wconf 81' lang='lat' dir='ltr'><strong>depellitur,</strong></span> <span class='ocrx_word' id='word_1_217' title='bbox 1244 4025 1282 4086; x_wconf 86' lang='lat' dir='ltr'><strong>et</strong></span> 
     </span>
     <span class='ocr_line' id='line_1_32' title="bbox 169 4125 1283 4213; baseline 0.009 -17"><span class='ocrx_word' id='word_1_218' title='bbox 169 4151 320 4198; x_wconf 84' lang='lat' dir='ltr'><strong>unacum</strong></span> <span class='ocrx_word' id='word_1_219' title='bbox 347 4126 455 4198; x_wconf 88' lang='lat' dir='ltr'><strong>urinis</strong></span> <span class='ocrx_word' id='word_1_220' title='bbox 480 4125 592 4202; x_wconf 78' lang='lat' dir='ltr'><strong>forma</strong></span> <span class='ocrx_word' id='word_1_221' title='bbox 620 4127 777 4202; x_wconf 84' lang='lat' dir='ltr'><strong>sacchari</strong></span> <span class='ocrx_word' id='word_1_222' title='bbox 800 4127 1012 4213; x_wconf 70' lang='lat' dir='ltr'><strong>eliminatur,</strong></span> <span class='ocrx_word' id='word_1_223' title='bbox 1036 4131 1095 4211; x_wconf 77' lang='lat' dir='ltr'><strong>En</strong></span> <span class='ocrx_word' id='word_1_224' title='bbox 1117 4127 1283 4210; x_wconf 58' lang='lat' dir='ltr'><strong>&amp;obem</strong></span> 
     </span>
     <span class='ocr_line' id='line_1_33' title="bbox 169 4243 903 4330; baseline 0.004 -12"><span class='ocrx_word' id='word_1_225' title='bbox 169 4243 353 4318; x_wconf 85' lang='lat' dir='ltr'><strong>mellitum.</strong></span> <span class='ocrx_word' id='word_1_226' title='bbox 761 4261 765 4276; x_wconf 93' lang='lat'>&#39;</span> <span class='ocrx_word' id='word_1_227' title='bbox 900 4325 903 4330; x_wconf 62' lang='grc'>,</span> 
     </span>
    </p>

    <p class='ocr_par' dir='ltr' id='par_1_6' title="bbox 169 4363 1281 4588">
     <span class='ocr_line' id='line_1_34' title="bbox 218 4363 1280 4465; baseline 0.006 -29"><span class='ocrx_word' id='word_1_228' title='bbox 218 4363 323 4436; x_wconf 87' lang='lat' dir='ltr'><strong>Hisce</strong></span> <span class='ocrx_word' id='word_1_229' title='bbox 348 4365 528 4464; x_wconf 86' lang='lat' dir='ltr'><strong>principiis</strong></span> <span class='ocrx_word' id='word_1_230' title='bbox 554 4367 807 4465; x_wconf 88' lang='lat' dir='ltr'><strong>nosogeneticis</strong></span> <span class='ocrx_word' id='word_1_231' title='bbox 832 4367 878 4441; x_wconf 88' lang='lat' dir='ltr'><strong>ad</strong></span> <span class='ocrx_word' id='word_1_232' title='bbox 902 4381 1063 4440; x_wconf 86' lang='lat' dir='ltr'><strong>nostrum</strong></span> <span class='ocrx_word' id='word_1_233' title='bbox 1081 4393 1201 4440; x_wconf 89' lang='lat' dir='ltr'><strong>casum</strong></span> <span class='ocrx_word' id='word_1_234' title='bbox 1221 4368 1280 4443; x_wconf 86' lang='lat' dir='ltr'><strong>ad·</strong></span> 
     </span>
     <span class='ocr_line' id='line_1_35' title="bbox 169 4477 1281 4588; baseline 0.009 -37"><span class='ocrx_word' id='word_1_235' title='bbox 169 4477 298 4582; x_wconf 86' lang='lat' dir='ltr'><strong>plicitis</strong></span> <span class='ocrx_word' id='word_1_236' title='bbox 323 4495 404 4553; x_wconf 82' lang='lat' dir='ltr'><strong>ante</strong></span> <span class='ocrx_word' id='word_1_237' title='bbox 429 4483 547 4556; x_wconf 89' lang='lat' dir='ltr'><strong>omnia</strong></span> <span class='ocrx_word' id='word_1_238' title='bbox 572 4484 666 4556; x_wconf 88' lang='lat' dir='ltr'><strong>sitim</strong></span> <span class='ocrx_word' id='word_1_239' title='bbox 692 4483 911 4588; x_wconf 73' lang='lat' dir='ltr'><strong>complacare</strong></span> <span class='ocrx_word' id='word_1_240' title='bbox 928 4484 1149 4585; x_wconf 75' lang='lat' dir='ltr'><strong>studuimus,</strong></span> <span class='ocrx_word' id='word_1_241' title='bbox 1164 4486 1281 4561; x_wconf 79' lang='lat' dir='ltr'><strong>nervis</strong></span> 
     </span>
    </p>

    <p class='ocr_par' dir='ltr' id='par_1_7' title="bbox 219 4597 1076 4706">
     <span class='ocr_line' id='line_1_36' title="bbox 219 4597 1076 4706; baseline 0.006 -34"><span class='ocrx_word' id='word_1_242' title='bbox 219 4597 407 4673; x_wconf 72' lang='lat' dir='ltr'><strong>liliosam.</strong></span> <span class='ocrx_word' id='word_1_243' title='bbox 434 4598 531 4676; x_wconf 75' lang='lat' dir='ltr'><strong>Aoo.</strong></span> <span class='ocrx_word' id='word_1_244' title='bbox 559 4601 649 4676; x_wconf 77' lang='lat' dir='ltr'><strong>ctis.</strong></span> <span class='ocrx_word' id='word_1_245' title='bbox 667 4601 710 4706; x_wconf 86' lang='lat' dir='ltr'><strong>¹I.</strong></span> <span class='ocrx_word' id='word_1_246' title='bbox 1039 4627 1076 4677; x_wconf 87' lang='lat'><strong>11</strong></span> 
     </span>
    </p>
   </div>
   <div class='ocr_carea' id='block_1_5' title="bbox 0 0 1636 5194">
    <p class='ocr_par' dir='ltr' id='par_1_8' title="bbox 0 0 1636 5194">
     <span class='ocr_line' id='line_1_37' title="bbox 0 0 1636 5194; baseline 0 0"><span class='ocrx_word' id='word_1_247' title='bbox 0 0 1636 5194; x_wconf 95' lang='lat' dir='ltr'><strong> </strong></span> 
     </span>
    </p>
   </div>
  </div>
 </body>
</html>
