3148 5170
344 367 364 414 a
391 341 417 414 6

337 368 599 534 inllammabilia
624 460 661 532 in
686 446 781 532 statu
805 453 917 530 libero
942 457 1033 530 ritae
1067 455 1253 528 humanae
1278 453 1383 528 adeo
1413 457 1483 528 in-

336 575 444 672 festa,
468 589 605 650 utnon
629 575 746 650 solum
769 599 921 648 massam
946 575 1147 672 organicam
1170 599 1297 648 sanam
1329 587 1478 647 eonta-

335 693 492 789 minent,
527 719 606 766 eam
640 693 678 766 in
712 692 767 781 sui
802 687 1001 766 dominium
1026 689 1193 788 trahant,
1214 691 1323 792 eique
1351 716 1474 764 suam

333 823 496 884 naturam
532 809 795 884 communicent
828 805 952 902 (unde
981 803 1122 884 diffusio
1155 807 1374 909 liquationis
1420 807 1472 882 ad

333 942 450 1028 partes
474 927 713 1030 adjacentes),
737 924 800 1002 sed
824 927 930 1000 etiam
947 927 1039 1002 vires
1056 925 1178 1002 vitales
1195 927 1471 1032 pessumdant,

333 1059 515 1144 evertant,
538 1047 745 1120 exhauriant
775 1045 898 1140 (made
927 1044 1088 1120 debilitas
1113 1073 1277 1144 summa,
1302 1048 1466 1152 paraly·

333 1167 425 1265 tica,
448 1193 530 1242 vere
555 1164 812 1268 eolliquativa).
838 1165 945 1259 Quod
969 1165 999 1240 si
1023 1164 1124 1266 plaga
1150 1164 1375 1263 amloerata,
1402 1168 1465 1241 vel
1553 1171 1554 1260 J

331 1307 565 1384 gangraenosa
602 1297 798 1357 extrorsum
835 1295 973 1385 pateat,
1001 1281 1062 1368 illa
1088 1281 1225 1358 effluvio
1251 1282 1460 1384 mephitim
1552 1343 1554 1360 .

330 1399 475 1497 minua,
499 1397 557 1474 vel
581 1397 706 1472 saltem
740 1400 858 1481 minus
893 1397 1056 1500 rapidum
1087 1411 1213 1500 parant
1251 1397 1464 1496 damnum,
1553 1433 1554 1446 ¹

331 1531 505 1619 quatenus
530 1517 577 1594 ob
601 1515 744 1592 insitam
769 1517 990 1618 expansionis
1014 1517 1088 1591 vim
1113 1517 1151 1588 in
1186 1541 1289 1590 auras
1321 1516 1462 1590 diffun-

331 1635 474 1710 duntur.
508 1633 545 1708 Si
577 1647 699 1716 oontm
737 1631 972 1729 exuloeratio,
1002 1631 1060 1706 vel
1085 1658 1279 1732 gangraena
1306 1631 1461 1714 reclusa

205 1816 210 1826 .
331 1753 458 1848 llrerit,
494 1749 633 1826 lomites
667 1747 865 1851 phlogistioi
904 1750 1074 1824 oontinuo
1112 1751 1269 1828 eamean
1309 1755 1453 1852 partim

329 1895 457 1946 nervos
481 1865 684 1943 immediate
717 1866 988 1967 adgrediuntur,
1021 1867 1151 1967 partim
1183 1893 1339 1942 massam
1369 1896 1458 1944 sau·

330 1984 444 2087 guinis
479 1983 662 2086 polluunt,
697 1989 842 2086 ejusque
867 1984 1079 2085 principium
1121 1985 1341 2085 positivum,
1385 2014 1456 2088 pro
1553 2083 1554 2090 ἶ

331 2099 684 2190 extimulandisfihris
702 2115 739 2174 et
754 2101 871 2174 nervis
888 2097 1046 2174 absolute
1069 2101 1307 2174 neeessariam
1332 2104 1453 2176 extin-

330 2230 463 2320 guunt,
486 2217 616 2324 talique
641 2228 747 2318 pacto
770 2215 1001 2318 praeeipitem
1016 2213 1119 2290 illum
1136 2216 1265 2290 virium
1282 2218 1454 2294 vitalium

331 2335 469 2436 lapsum
507 2335 739 2436 progignunt,
774 2357 881 2435 quem
910 2335 1017 2408 etiam
1042 2337 1079 2407 in
1104 2347 1225 2408 nostro
1250 2361 1335 2408 casu
1362 2364 1452 2438 pro-
1553 2327 1554 2372 3

331 2455 462 2532 xlmam
486 2453 611 2543 mortis
635 2476 777 2526 causam
802 2449 928 2549 luisse,
952 2477 1026 2526 non
1051 2449 1299 2540 dubitavimus.

677 2681 902 2768 HISTORIA
927 2683 1093 2762 SEXTA„

539 2927 683 3014 Manio
711 2881 1232 3040 sarapidis-symphoretieo.
1289 2917 1296 2928 ’

380 3163 558 3262 Colonus,
599 3162 645 3251 25
681 3188 884 3261 annorum,
924 3164 1195 3266 temperamenti
1235 3161 1442 3262 irritabilis,

264 3339 271 3352 .
330 3306 477 3382 corpore
502 3307 588 3355 sano
613 3295 649 3354 et
674 3281 839 3378 robusto,
863 3281 982 3364 animo
1006 3295 1126 3357 tamen
1152 3307 1194 3354 ex
1226 3307 1289 3354 sua
1314 3298 1440 3372 natura

330 3397 507 3472 imbecillo
531 3399 730 3500 praeditus,
754 3425 937 3502 nunquam
953 3399 1177 3501 aegrotabat,
1201 3427 1315 3502 neque
1333 3402 1439 3476 ullam

330 3515 580 3595 haereditariae
611 3516 700 3591 labis
738 3521 974 3620 suspioionem
1010 3520 1126 3604 dabat.¹
1169 3521 1274 3594 Anno
1314 3523 1436 3624 aetatis

330 3632 469 3706 decimo
493 3647 591 3708 sexto
605 3689 626 3740 t
638 3637 756 3708 neseio
772 3661 844 3736 quo
861 3637 1030 3710 instinctu
1047 3635 1242 3737 impulsus,
1266 3639 1305 3710 in
1330 3638 1438 3712 arith·

329 3750 466 3830 metiois
492 3749 634 3824 oalculis
659 3780 764 3825 suum
789 3753 947 3826 studium
971 3754 1143 3828 oollooare
1174 3757 1312 3857 eoepit,
1341 3755 1437 3829 brevi

331 3880 450 3940 tamen
478 3869 638 3942 semitam
673 3869 805 3946 nedum
839 3870 1031 3970 ingressam
1068 3869 1275 3974 dereliquit,
1312 3871 1436 3946 laboris

330 3985 535 4060 difficultate
569 4003 605 4062 et
639 3989 763 4087 exiguo
797 3985 942 4087 fructu,
983 4015 1090 4090 quem
1125 3989 1208 4063 inde
1245 3988 1436 4091 decerpsit,

328 4118 530 4204 pertaesus,
563 4105 794 4208 lubenterque
832 4107 950 4181 denuo
988 4121 1145 4181 aratrum
1182 4107 1338 4208 arripuit
1377 4109 1437 4181 Ast

330 4223 420 4322 proh
445 4222 568 4299 dolori
592 4225 688 4300 rudis
714 4240 750 4298 et
775 4226 821 4299 ad
845 4239 1015 4324 agrestem
1041 4225 1159 4326 potius
1184 4226 1294 4298 vitam
1325 4250 1344 4297 a
1375 4249 1434 4297 na·

330 4353 409 4412 tura
422 4340 615 4416 destinatus
631 4343 788 4446 juvenis,
805 4345 973 4418 eorrtinuo
990 4359 1178 4445 parentum
1195 4369 1299 4424 suasu
1317 4341 1434 4418 exhor·

331 4468 424 4544 tatus
434 4512 444 4556 ,
460 4483 505 4546 ne
522 4457 637 4534 dicam
654 4474 815 4560 eoactus,
839 4489 959 4536 rursus
978 4461 1172 4538 Minervam
1190 4461 1302 4536 invito
1319 4462 1432 4534 animo
