3264 5194
503 381 512 400 ‚
1266 306 1343 382 1ιᾶ

222 425 374 498 nocuum
408 422 567 506 vocitant
586 427 620 520 l,
655 421 827 496 fructibus
864 421 1020 498 horraeis
1057 428 1204 502 recreari
1241 427 1364 503 vetat

221 542 350 616 horum
375 542 547 643 penuria,
572 553 609 613 et
633 539 784 640 qualitas
809 537 857 614 ob
882 541 1053 642 irriguum
1078 545 1193 618 solum
1218 547 1336 618 minus

223 659 406 759 exquisita.
433 657 563 732 Itidem
587 659 703 732 vitum
726 659 885 760 paucitas
909 659 984 733 vini
1007 661 1184 762 inopiam,
1211 663 1338 736 saltem

219 781 314 852 iuter
346 803 520 879 pauperes
555 775 701 850 colonos
736 791 855 874 creat3
888 778 986 880 quod
1017 780 1113 854 enim
1144 807 1163 853 e
1189 781 1337 862 ritiseris

220 898 323 970 terris
353 893 603 996 Ultrapadarus
633 921 761 996 ursrgru
785 895 887 970 nobis
912 880 1260 999 advehitur'copia,
1290 901 1338 974 ob

221 1019 340 1117 gravia
365 1017 522 1119 portoria
546 1017 637 1090 ta'nti
661 1018 765 1117 pretii
790 1043 865 1092 esse
890 1017 1003 1114 solet,
1024 1032 1068 1092 ut
1109 1045 1195 1118 gens
1227 1047 1338 1120 egena

221 1133 307 1207 huic
345 1133 509 1208 solamini
541 1134 683 1206 nonnisi
718 1159 798 1206 raro
833 1132 1016 1234 indulgere
1047 1135 1167 1235 possit
1199 1135 1338 1212 Idcirco

194 1266 328 1352 „potus
352 1250 550 1326 ordinarius
575 1249 708 1350 popelli
733 1251 938 1350 campestris
963 1265 1152 1351 estoque,
1180 1251 1337 1353 haecque

221 1396 389 1472 persaepe
413 1371 541 1444 stativa
566 1383 604 1442 et
627 1395 747 1470 prava.
774 1370 856 1461 Quo
881 1395 983 1442 curas
1009 1369 1134 1444 diebus
1165 1370 1261 1448 sestis
1285 1372 1336 1448 le·

221 1491 297 1562 nire
322 1488 487 1584 student,
511 1488 658 1584 vinum,
681 1487 891 1590 plerumque
916 1489 1058 1563 infimae
1082 1505 1210 1586 notae,
1235 1492 1337 1566 adul·
1365 1563 1369 1574 ,

221 1605 609 1703 ωναῑιιιη,,ε[ἷοοιιιω,
634 1603 796 1701 acidum,
820 1603 878 1680 vel
902 1605 1006 1706 plane
1031 1621 1261 1709 corruptum,
1284 1635 1337 1682 sa-

221 1725 287 1798 luti
312 1725 422 1823 magis
447 1725 614 1818 noxium,
639 1749 747 1822 quam
771 1724 970 1824 proficuum
995 1724 1123 1801 evadit.

272 1839 356 1914 Non
379 1841 517 1914 minora
542 1839 745 1914 cliscnmina
764 1865 807 1914 ex
822 1841 950 1914 eodem
967 1842 1125 1916 miseriae
1139 1843 1237 1918 sonte
1253 1869 1337 1944 pro·

222 1959 422 2058 germinant
436 1959 475 2030 in
492 1956 741 2035 contuberniis.
757 1957 1003 2032 Domunculas
1018 1973 1186 2059 anputatae
1198 2016 1208 2057 ‚
1222 1959 1339 2036 humi·

222 2080 311 2175 dae,
335 2077 522 2166 sordidae,
547 2077 686 2152 aestivis
712 2075 887 2150 caloribus
912 2079 1056 2151 eumin
1082 2078 1230 2152 modum
1254 2107 1336 2180 per·

221 2211 396 2294 uruntur,
433 2209 475 2269 ut
504 2195 685 2271 fornacem
710 2195 841 2294 magis,
872 2206 984 2296 quam'
1011 2195 1209 2269 humanum
1233 2195 1337 2270 habi·

221 2314 380 2389 taculum
404 2313 562 2410 dismas,
585 2313 681 2387 unde
713 2311 919 2414 corporibus
947 2312 1066 2388 labore
1098 2313 1195 2387 fessis
1213 2339 1336 2415 neque

218 2448 432 2509 nocturnam
456 2431 658 2507 concedunt
681 2432 846 2533 quietem.
864 2432 1048 2510 Saeviente
1065 2447 1188 2508 eontra
1205 2433 1335 2535 hyeme

219 2551 349 2652 higora
366 2565 403 2624 ct
419 2564 544 2624 ventos
569 2548 727 2649 undique
752 2547 945 2622 admittunt
969 2550 1107 2650 tuguria
1132 2551 1335 2624 munimen·

220 2672 266 2744 tis
289 2671 406 2770 priva,
432 2682 538 2768 atque
576 2681 808 2747 concurrente
842 2667 949 2740 simul
976 2670 1124 2770 penuria
1158 2669 1335 2769 lignorum

219 2790 421 2864 habitantes
446 2787 492 2860 ad
516 2788 727 2887 jumentario
750 2787 790 2862 in
813 2785 961 2862 subulis
986 2785 1217 2861 contubernia
1247 2812 1334 2861 eon·-

220 2908 412 3002 damnant‚
436 2903 499 2977 ubi
523 2901 649 2976 saltem
673 2903 718 2974 ab
742 2901 977 2978 inelementiis
1013 2905 1231 3004 tempestatis
1267 2908 1335 2983 tuti

175 3039 177 3042 ’
221 3027 381 3128 hyberna
407 3024 535 3098 fallunt
558 3024 639 3098 otia.
665 3023 771 3102 Haud
794 3047 923 3125 parurn
944 3049 1086 3126 quoque
1103 3025 1335 3125 agricolarum

219 3145 362 3218 sanitati
386 3143 565 3218 officiunt:
589 3165 728 3214 summa
754 3141 938 3243 spurcities
962 3143 1001 3214 in
1032 3143 1120 3216 casis
1130 3198 1156 3244 ‚¹
1172 3142 1272 3218 lectis
1297 3159 1335 3220 ot

202 3259 458 3356 'vestimentis,
492 3257 671 3358 neglectus
702 3257 912 3334 balneorum
946 3285 1052 3358 usus,
1085 3273 1192 3362 atque
1223 3263 1333 3338 detri-

218 3394 379 3454 mentosa
402 3377 464 3452 illa
486 3378 645 3473 incuria,
669 3402 740 3478 qua
763 3375 939 3452 laetamen
963 3403 1029 3478 pro
1053 3404 1219 3478 agromm
1242 3395 1332 3455 ster·

218 3499 399 3573 coratione
427 3495 643 3570 destinatum
677 3493 862 3568 cumulant
895 3507 978 3569 ante
1012 3493 1175 3594 bubilia,
1209 3497 1333 3596 haras,

215 3621 446 3721 propriasque
471 3615 619 3711 domos,
649 3639 737 3716 quas
766 3639 889 3688 revera
914 3614 1046 3714 Augias
1071 3615 1251 3690 stabulum
1276 3618 1332 3691 di·

216 3763 297 3810 cere
321 3761 451 3836 posses.
476 3732 552 3808 Nisi
569 3731 614 3804 ab
630 3731 778 3806 infantia
795 3730 969 3834 ejusmodi
984 3731 1148 3806 sordibus
1165 3733 1333 3810 adsuere·

213 3859 263 3932 rit
279 3883 429 3957 corpus,
452 3855 491 3926 in
509 3865 607 3928 tanto
624 3851 788 3952 squalore
814 3852 947 3925 servari
964 3853 1144 3952 possevin
1161 3853 1331 3928 crederes.

265 3979 340 4052 Tot
355 3977 531 4076 tantisque
549 3979 619 4073 jam
635 3973 771 4074 injuriis
787 3986 824 4046 ct
840 3969 1097 4046 calamitatibus
1122 3997 1332 4074 oppressum

214 4125 256 4174 ac
281 4097 558 4202 pennulctatum
582 4120 729 4195 eorpus,
759 4095 825 4167 etsi
857 4119 1064 4196 compagem
1094 4094 1331 4168 firmissimam

213 4232 363 4293 nactum
395 4215 507 4310 foret,
542 4238 614 4286 non
651 4224 792 4313 potest,
828 4213 916 4314 quin
955 4211 1184 4310 multifariis,
1218 4213 1331 4314 iisque

213 4361 354 4410 summe
391 4331 564 4432 atmbiguis
593 4329 802 4404 succumbat
829 4329 955 4427 malis,
988 4331 1078 4432 qliae
1104 4345 1185 4405 arrte
1211 4331 1330 4405 omnia

216 4453 309 4530 vitae
334 4451 489 4527 radicem
515 4448 704 4548 osredum,
728 4447 827 4526 illam
852 4450 984 4558 quippe
1010 4473 1193 4552 processus
1215 4449 1328 4526 vitalis
