3228 5166
255 453 409 530 Virtutis
430 467 536 559 utapne
561 453 741 532 doctrinae
765 459 875 558 patris
900 459 1058 534 aemulus
1081 457 1190 556 filim,
1212 457 1313 532 Josr-

204 598 291 647 raus
315 573 458 669 Fanni,
481 572 691 648 Professoris
712 573 976 648 extraordinarii
992 575 1099 650 titulo
1114 588 1150 649 et
1165 597 1313 648 munere

202 692 356 789 potitus,
380 715 502 764 mense
517 689 685 764 Jauuario
717 690 808 793 1795
825 691 1054 774 institutionis
1072 691 1216 766 clinicae
1233 717 1314 792 pro-

202 807 358 880 vinciam
388 807 567 907 suscepit,
600 805 791 908 plaudente
826 833 956 908 magno
990 808 1244 909 discipulorum
1277 822 1314 882 et

203 923 385 1022 hospitum
420 936 620 998 exterorum
657 949 829 1022 numero,
862 951 1013 1028 suasque
1050 925 1313 1001 ohservationes

204 1046 376 1144 practices
407 1046 592 1148 epicriticis
626 1048 722 1121 notis
757 1061 898 1154 ornatas
933 1047 1029 1148 typis
1060 1045 1187 1122 excudi
1211 1069 1313 1120 cura·

205 1163 338 1255 vit(1).
362 1162 443 1238 Non
467 1162 583 1240 solum
606 1165 751 1240 Annum
784 1165 1041 1242 scholasticum
1082 1161 1316 1269 179d·1795,

205 1307 225 1354 a
251 1307 391 1356 summo
421 1281 589 1356 Genitore
615 1283 842 1380 inchoatum,
868 1283 915 1358 ad
934 1281 1145 1358 umbilicum
1177 1281 1313 1356 condu-

203 1399 273 1492 xit,
297 1397 360 1472 sed
384 1400 491 1473 etiam
515 1401 716 1501 proximum
740 1401 882 1502 cyclum
908 1399 1076 1475 clinicum
1098 1397 1314 1504 1795-1796

202 1515 424 1590 laudabiliter
448 1542 591 1592 exorsus
618 1533 681 1592 est
716 1517 853 1594 Verum
887 1521 1068 1594 enimvero
1093 1522 1165 1620 jam
1189 1542 1312 1590 mense
1424 1541 1427 1548 ·

199 1633 330 1733 Apn'lis
353 1633 601 1710 Universitatis
627 1635 730 1710 aedes
756 1633 873 1712 claudi
896 1635 1115 1731 debuerant,
1139 1632 1186 1710 ob
1210 1635 1309 1708 inva-

201 1749 326 1824 dentes
352 1749 696 1828 Gallo-Francorum
711 1751 856 1829 hostiles
878 1767 1021 1829 turmas.
1036 1753 1153 1827 Patris
1168 1753 1314 1850 vestigia

201 1884 423 1971 prementem
448 1870 561 1945 filium
585 1886 698 1947 sertae
722 1871 916 1948 honoribus
941 1897 1091 1949 coronae
1118 1871 1311 1976 praestola-

202 1987 356 2082 bantur,
379 1987 504 2062 studiis
528 1987 780 2092 laboribusque
804 1987 940 2090 dignae.

286 2123 331 2208 (a)
351 2125 378 2186 J.
399 2123 517 2186 Fiant
547 2125 636 2189 Ratio
665 2127 792 2190 instituti
812 2123 924 2190 clinici
942 2125 1129 2204 Tier'nensis,
1162 2145 1181 2188 a
1209 2145 1314 2189 mense

327 2227 473 2290 Jenuario
492 2228 647 2314 usquead
667 2229 758 2294 linem
779 2229 863 2294 lunii
884 2231 956 2294 anni
983 2229 1073 2316 1795.
1094 2229 1202 2292 Ticini.
1223 2245 1311 2311 1797.

111 2401 115 2406 .
249 2345 413 2446 Iniquum
445 2346 665 2422 tumultuum
698 2347 930 2450 bellicorum,
963 2361 1069 2452 atque
1104 2347 1312 2422 anarchicae

157 2465 166 2476 '
200 2487 322 2535 rerum
345 2461 571 2563 politicarum
596 2465 825 2542 revolutionis
849 2481 983 2543 sortem
1007 2469 1083 2570 ipsa
1109 2465 1236 2545 Schola
1253 2465 1313 2540 cli·

199 2581 281 2654 nica
316 2580 462 2682 eluctari
499 2585 680 2685 nequivit3
706 2627 762 2644 -
785 2599 976 2660 trementes
1012 2585 1210 2660 Camoeuae
1244 2583 1312 2656 sub

199 2700 279 2775 diro
306 2701 427 2776 Martis
452 2703 601 2804 imperio
631 2705 899 2780 contabuerunt
933 2702 989 2780 Ab
1019 2704 1152 2805 origine
1184 2701 1315 2801 Reipu-

198 2816 311 2890 blicae
337 2817 538 2920 Cisalpinae
563 2821 890 2924 (20.Maji1796)
914 2820 1025 2895 bonas
1051 2833 1143 2894 artes
1168 2817 1311 2919 quosvis

147 2922 151 2930 ⁵
198 2961 371 3012 novercae
395 2963 504 3010 manu
530 2951 715 3035 hacmtas,
745 2963 787 3012 ac
817 2940 1000 3040 speciatim
1036 2937 1180 3010 clinicos
1210 2933 1313 3008 disci·

197 3051 313 3152 plinus
338 3051 500 3153 squalore
524 3053 695 3129 obductas
719 3058 950 3156 ingemuisse,
983 3057 1060 3157 ipsa
1095 3053 1166 3130 suta
1191 3052 1309 3128 claris·

199 3170 288 3240 sime
313 3168 563 3242 demonstrant
588 3171 765 3272 hriustum
781 3171 946 3274 equidem
963 3173 1054 3246 foret
1062 3225 1075 3272 ,
1098 3172 1196 3259 Viris
1211 3193 1310 3271 prae·

199 3285 327 3384 claris,
349 3289 410 3389 qui
434 3313 500 3388 per
523 3289 821 3391 intercapedinem
846 3307 927 3368 octo
951 3317 1126 3368 annorum
1150 3291 1309 3366 medico·

198 3407 375 3508 practicae
405 3406 633 3507 praefuerunt
667 3409 828 3507 scholae,
866 3437 971 3487 omne
1008 3409 1180 3511 abnegare
1215 3407 1308 3484 velle

197 3524 387 3622 meritum3
410 3537 553 3600 strenua
578 3539 697 3602 tamen
715 3554 839 3604 eorum
856 3531 1041 3604 conamina
1058 3531 1095 3602 in
1112 3526 1307 3604 excolendo

197 3656 235 3716 et
259 3641 475 3717 absolvendo
509 3642 628 3720 studio
663 3645 790 3720 clinico
820 3647 1038 3723 infructuosa
1075 3671 1217 3720 manere
1244 3644 1307 3719 de-

196 3759 337 3860 buisse,
371 3787 478 3839 nemo
513 3789 599 3838 sane
634 3765 840 3864 mirabitur,
877 3767 1088 3868 dummodo¹
1107 3765 1305 3868 perpendat

197 3879 306 3958 breve
341 3896 504 3986 tempus,
541 3912 613 3988 quo
648 3887 776 3988 singuli
813 3914 936 3963 curam
971 3889 1206 3964 Institutionis
1241 3885 1308 3959 sibi

198 4002 423 4076 commissam
447 4001 670 4101 habuerunt,
691 3996 800 4106 atque
824 4007 982 4108 inopiam
1013 4003 1310 4080 adminiculorum

196 4121 498 4218 necessariorum,
522 4121 651 4221 quibus
676 4121 982 4200 subministrandis
1007 4121 1182 4197 fluctuans
1203 4132 1239 4193 et
1255 4143 1309 4192 ar·

196 4233 340 4310 bitraria
365 4238 469 4310 nimis
494 4241 584 4312 ratio
609 4239 799 4340 Regiminis
826 4255 1029 4316 constanter
1061 4238 1207 4313 obstitit

247 4353 486 4432 Corrvulsione
510 4355 636 4432 bellica
660 4385 726 4460 pro
754 4375 912 4462 tempore
935 4359 1176 4461 complacata,
1200 4369 1306 4460 atque

196 4474 356 4548 reseratis
391 4472 509 4550 denuo
544 4473 716 4550 Athenaei
753 4476 899 4555 aedibus
911 4534 922 4578 ‚
953 4474 1051 4580 quod
1081 4499 1201 4550 mense
1233 4473 1307 4552 No-
