3264 5194
1257 354 1319 403 ιοι

219 451 329 549 sacis,
367 450 480 548 collo,
517 450 675 542 cervice,
712 463 749 523 ct
782 447 891 523 sterni
928 445 1051 550 plaga,
1084 475 1199 552 neque
1233 447 1328 544 alia,

217 591 357 677 praeter
380 573 634 677 dysphoriam,
656 571 883 670 languorem,
906 570 1202 670 inappetentiam,
1226 569 1329 664 sebri-

218 693 357 789 culam,
382 719 424 766 ac
447 691 564 766 levem
589 690 679 764 cutis
704 690 883 790 pruritum
908 702 943 760 et
959 687 1144 784 ardorem,
1167 685 1331 788 producit

219 750 456 885 incommoda.
480 807 670 882 indefinito
687 805 823 907 aliquot
843 803 1128 902 hebdomadum,
1152 817 1214 878 aut
1235 827 1333 875 men·

220 929 314 1002 εἰοιιι
339 924 526 1001 intervallo
550 937 750 1020 ιιιιιοοοιο,
774 921 988 1025 epidennis
978 858 1168 996 merassita
1186 935 1221 994 et
1237 903 1334 994 fusca

222 1073 299 1120 sese
314 1047 543 1148 desquamat,
568 1045 678 1118 cutim
695 1039 919 1145 relinquens
909 1057 1102 1141 mtegram,
1125 1039 1313 1142 levigatam
1324 1097 1341 1137 ,r

223 1167 394 1262 nitidam,
427 1157 655 1262 sensibilem,
692 1165 819 1238 eoloris
853 1165 955 1238 rosei.
988 1161 1179 1262 Pellugrosi
1213 1163 1333 1265 itaque

222 1276 492 1385 superveniente
516 1296 647 1357 aestate
671 1307 745 1357 uon
770 1307 871 1356 secus
896 1307 939 1355 ae
963 1307 1093 1382 angues
1119 1281 1260 1356 exuvias
1277 1281 1336 1355 de·

221 1415 382 1504 ponunt,
404 1399 565 1502 illisque,
587 1415 629 1474 ut
644 1401 762 1474 Prnsu
779 1395 896 1474 verbis
914 1411 1014 1496 utar,
1038 1397 1091 1472 nil
1102 1423 1170 1472 mss
1186 1398 1335 1472 uchiduo
1444 1435 1446 1438 ·

221 1521 346 1596 citrum
380 1518 536 1593 cumula
566 1515 649 1593 Sole
684 1519 796 1614 nitet·
823 1515 967 1618 reliqua
994 1517 1091 1591 enim
1127 1515 1211 1590 anni
1236 1529 1337 1617 parte

222 1650 279 1710 sat
301 1659 508 1736 prosperam
533 1639 665 1735 Ῑιιοιιιιι
689 1573 940 1708 valetirdinem.

275 1751 459 1826 Redeunte
495 1747 659 1852 proximo
693 1751 917 1852 aequinoctio
950 1749 1108 1848 vernali,
1144 1747 1202 1824 rel
1232 1751 1339 1824 etiam

224 1869 345 1970 aliquo
368 1853 601 1971 interposito,
624 1865 805 1944 morbus
794 1882 926 1944 iterum
954 1867 1092 1944 invadit
1120 1866 1243 1942 eadem
1272 1866 1339 1942 sub

226 1986 362 2082 lomra,
397 1986 462 2062 sed
494 1985 837 2060 manifestior-ihus·
826 1991 970 2120 jamjam
1007 1986 1160 2059 sociatus
1197 1983 1337 2080 turbis,

225 2129 318 2205 quae
341 2103 546 2205 praesertim
570 2105 608 2177 in
632 2105 770 2204 organis
787 2117 824 2178 et
839 2105 969 2178 muniis
986 2103 1149 2178 officinae
1173 2101 1339 2205 plasticae

225 2222 407 2322 adparent
442 2223 537 2322 Ergo
572 2245 646 2295 non
680 2219 797 2296 solum
828 2221 957 2296 extima
993 2221 1149 2322 corporis
1185 2220 1338 2294 confinia
1471 2241 1474 2248 ·

226 2365 310 2414 cum
334 2353 481 2412 naturae
504 2338 642 2440 injuriis
667 2337 917 2437 colluctantia,
940 2337 1004 2414 sed
1028 2353 1065 2414 et
1088 2341 1162 2441 ipsa
1181 2352 1341 2440 penetra·

224 2455 294 2554 lia,
319 2455 382 2530 ubi
407 2455 549 2532 vestalis
574 2457 663 2557 ignis
694 2459 833 2532 nativos
868 2459 976 2532 Lares
1007 2470 1043 2531 et
1068 2455 1186 2530 locum
1212 2455 1341 2556 habet,

227 2573 415 2648 insidiosae
440 2571 508 2646 luis
543 2597 673 2647 noxam
701 2576 894 2675 patiuntur.
922 2575 1081 2648 Primam
1113 2573 1341 2674 tyrannidem

228 2705 368 2766 exercet
391 2717 498 2791 super
521 2689 677 2764 fistulam
702 2693 1049 2790 gastro-entcricam,
1073 2715 1164 2792 quae
1187 2715 1271 2764 mox
1296 2691 1342 2762 ir-

225 2809 398 2881 ritationis
422 2804 734 2904 inflammatoriae,
757 2833 841 2882 mox
866 2807 1025 2908 torpidae
1049 2807 1196 2879 inertiae
1212 2806 1342 2880 indicia

225 2922 413 3022 patefacit,
436 2923 476 2996 in
499 2936 651 3024 utroque
677 2947 759 2996 casu
784 2925 916 2998 virium
932 2923 1080 3023 languor
1096 2923 1281 3022 notabilis,
1306 2939 1343 2999 et

226 3037 342 3112 fluxus
367 3037 609 3140 dysentericus
633 3063 751 3113 comes
776 3041 813 3113 it.
832 3037 904 3113 Sub
922 3039 1095 3144 ejusmodi
1111 3065 1230 3114 rerum
1246 3053 1341 3114 statu

226 3153 373 3228 morbus
398 3155 491 3228 facili
517 3159 656 3256 negotio
675 3155 807 3230 febrem
832 3159 1192 3260 gastro-pituitosam,
1216 3159 1343 3263 dyspo-

225 3271 362 3372 psiam,
376 3272 435 3347 vel
448 3273 650 3362 catarrhum
668 3275 904 3350 intestinalcm
925 3277 1090 3352 simulare
1112 3279 1259 3380 poterit,
1274 3279 1342 3352 nisi

225 3391 414 3492 praecipua
428 3393 465 3463 in
484 3389 690 3466 abnormem
705 3395 905 3494 systematis
921 3395 1104 3470 denuatici
1117 3409 1249 3470 statum
1260 3423 1343 3470 con·

225 3521 384 3586 vertetur
407 3509 575 3583 adtentio.
601 3510 762 3612 Repetito
786 3511 880 3586 illius
903 3511 1132 3615 erythemutis
1148 3515 1265 3589 reditu
1283 3540 1342 3588 eu·

226 3625 272 3700 tis
296 3627 334 3699 in
350 3625 461 3726 plagis
486 3625 631 3702 adfectis
657 3629 906 3730 particularem
931 3632 1147 3706 nanciscitur
1162 3631 1342 3729 habitum,

225 3767 322 3816 nunc
347 3745 388 3818 fit
411 3769 553 3846 aspera,
583 3761 769 3847 caperata,
794 3773 1003 3848 squamosa,
1027 3751 1130 3848 fissa,
1160 3775 1256 3824 nunc
1281 3775 1341 3824 co·

226 3861 364 3956 riacea,
394 3886 625 3960 pergamenae
660 3889 734 3937 uon
763 3863 954 3962 absimilis,
984 3880 1104 3962 tensa,
1137 3869 1275 3963 nitens,
1306 3881 1342 3940 ct

227 3977 362 4052 adusta.
398 3979 480 4071 Quo
516 3977 672 4053 crebrius
708 3984 858 4056 recurrit
893 3982 1057 4080 malum,
1094 4008 1137 4058 eo
1170 3989 1344 4084 majorem

227 4095 377 4196 adtingit
400 4098 719 4197 pemicacitatiset
742 4102 919 4202 nequitiae
945 4099 1113 4200 gadum,
1138 4125 1251 4200 eoque
1267 4125 1345 4200 per·

228 4213 431 4286 niciosiores
460 4215 557 4288 intus
588 4213 769 4291 cuniculos
801 4219 880 4317 agit
912 4217 1036 4292 Nullas
1061 4215 1212 4318 amplius
1238 4215 1344 4292 relin-

228 4331 306 4428 quit
324 4329 512 4427 inducias,
546 4355 662 4432 neque
691 4331 738 4408 ad
767 4334 878 4408 cutim
916 4347 952 4406 et
976 4331 1174 4407 velamenta
1199 4359 1345 4410 mucosa

228 4447 424 4544 primarum
454 4451 592 4526 riarum
622 4451 794 4529 duntaxat
824 4451 1150 4556 circumscribitur,
1174 4453 1237 4540 scd
1263 4457 1344 4530 uni-
