3264 5194
345 343 415 440 154

336 460 543 562 puer,labri
555 465 699 539 merarii
717 492 863 552 munere
881 467 1040 566 iunctus,
1056 481 1093 542 et
1108 492 1263 540 unacum
1289 459 1458 566 pondere

337 583 494 658 humeris
520 601 654 686 gestato
678 589 716 663 iu
741 589 919 690 lapideum
945 589 1062 664 adlisit
1085 591 1338 692 pavimentum.
1354 585 1458 658 Octo

338 705 664 779 venaesectionibus
705 707 837 809 absque
878 723 1001 809 optato
1041 707 1216 782 levamine
1250 705 1458 796 institutis,

336 823 535 924 viriumque
560 837 654 898 statu
684 825 730 900 'ad
765 825 868 900 illum
905 825 1154 901 moderationis
1187 823 1333 924 gradum
1368 847 1460 922 per—

336 939 466 1036 ducto,
491 953 531 1014 ut
557 939 758 1017 ulteriorem
781 943 896 1017 laticis
928 943 1042 1018 vitalis
1068 949 1240 1045 iacturam
1269 965 1343 1014 non
1374 939 1462 1012 sine

335 1071 435 1131 metu
459 1061 698 1158 permitteret,
721 1059 766 1134 de
791 1059 909 1134 futura
935 1061 1027 1160 aegri
1051 1073 1146 1132 sorte
1177 1063 1249 1160 jam
1279 1056 1458 1156 ancipites

336 1174 487 1270 suimus,
510 1174 596 1254 dum
621 1175 678 1249 die
713 1203 810 1252 ncne
844 1177 959 1254 morbi
996 1178 1188 1280 improvisa
1223 1190 1260 1249 et
1294 1173 1456 1248 decisiva

337 1295 435 1365 crisis
461 1319 565 1368 omne
601 1294 799 1395 periculum
836 1295 1013 1398 extemplo
1048 1294 1206 1391 sustulit,
1235 1292 1362 1368 oborto
1388 1291 1455 1366 be·

337 1412 451 1484 nelico
475 1409 626 1506 sudore,
650 1427 686 1486 et
710 1415 893 1488 urinarum
917 1413 1221 1516 hypostaticarum
1244 1409 1352 1484 fluxu.

388 1526 517 1602 Febms
533 1533 794 1606 rammasses
803 1559 850 1621 ,a
867 1532 1063 1634 praeteritis
1080 1527 1260 1604 mensibus
1275 1525 1460 1621 residuae,

336 1649 496 1722 infimam
520 1640 681 1750 plebem,
705 1651 853 1726 laminas
869 1652 1076 1753 praeprimis
1098 1650 1339 1752 pauperiores,
1354 1646 1453 1720 male

336 1781 468 1866 pastas,
492 1773 593 1868 pejus
620 1770 761 1844 vestitas
788 1767 1004 1870 frequentius
1029 1781 1066 1841 et
1101 1767 1239 1866 gravius
1274 1761 1460 1838 conflicta-

337 1897 431 1955 runt.
457 1882 604 1985 Typum
630 1883 797 1959 tenebant
820 1885 1029 1987 plerumque
1053 1899 1267 1986 quartummr
1299 1881 1458 1984 aa’plica-

338 2009 415 2073 tum
424 2055 438 2090 ,
464 2028 505 2074 ae
529 2002 698 2104 singulari
733 2003 1037 2105 distinguebantur
1067 2010 1106 2078 in
1136 2001 1332 2104 hydropem
1361 2007 1458 2074 msu.

338 2119 577 2194 Nihilominus
611 2119 677 2194 sub
711 2124 931 2223 paroxysmis
963 2149 1094 2223 aeque,
1129 2139 1170 2194 ac
1208 2134 1366 2220 tempore
1402 2120 1457 2191 eis

338 2238 548 2312 intermedio
583 2238 680 2312 haud
726 2237 887 2339 ambigua
924 2237 1123 2314 diathereos
1163 2232 1457 2311 inflammatoriae

339 2356 470 2428 indicia
496 2355 689 2452 dederunt,
713 2357 809 2432 unde
834 2357 910 2460 ipse
939 2356 1099 2460 hydrops
1133 2381 1275 2452 comes,
1303 2367 1366 2426 aut
1388 2378 1457 2453 pe·

341 2475 545 2578 dissequus,
569 2481 703 2550 cedrus
736 2479 875 2578 potius,
912 2504 1020 2578 quam
1057 2475 1257 2550 astlrenieus
1293 2473 1365 2549 dici
1388 2473 1455 2547 de-

342 2593 430 2666 buit.
459 2635 510 2650 -
543 2592 729 2695 Multiplici
765 2593 1035 2696 complicatione
1069 2595 1282 2694 variegatam
1319 2589 1455 2664 febrem

340 2711 634 2785 intermittentem
668 2711 829 2787 exhihuit
864 2714 994 2787 rustica
1024 2711 1187 2812 gravida,
1221 2735 1313 2812 quae
1344 2709 1452 2782 simul

340 2827 577 2926 bronchitide,
591 2830 764 2904 viscerum
775 2829 1028 2926 obstructione,
1037 2843 1073 2904 et
1082 2828 1244 2930 hydrope
1253 2821 1326 2904 atra
1338 2849 1450 2927 cepam

341 2949 479 3024 adfecta
503 2950 635 3022 sinistri
663 2965 810 3026 eventus
847 2951 1010 3025 timorem
1046 2951 1174 3022 meritc
1208 2947 1365 3021 incussit.
1391 2945 1454 3018 Se·

342 3066 467 3140 eundis
491 3092 576 3162 vero
601 3066 744 3163 avibus,
778 3081 816 3141 et
850 3069 937 3141 citra
972 3093 1117 3143 ornnem
1151 3091 1251 3167 spem
1286 3063 1456 3138 suecessit

342 3207 436 3256 cura.
462 3183 636 3282 Sanguine
661 3181 716 3257 bis
746 3181 897 3282 educto,
925 3184 1080 3258 decoctis
1110 3179 1347 3284 aperientibus
1373 3201 1458 3254 cum

342 3299 446 3374 Nitro
471 3313 508 3375 et
532 3301 699 3375 Cremore
728 3304 872 3400 tartari,
902 3301 1195 3404 vl'rictionibuuque
1229 3301 1330 3374 siccis
1359 3301 1455 3399 juxta

342 3429 438 3490 artus
463 3415 545 3491 albo
570 3415 770 3518 phlegmate
796 3435 991 3518 tumentes,
1016 3426 1087 3523 jam
1112 3445 1243 3521 paucos
1268 3431 1350 3521 post
1380 3415 1455 3490 dies

342 3535 487 3633 insignis
513 3535 742 3612 obtinebatur
766 3539 945 3639 euphoria.
978 3541 1158 3616 Conticuit
1188 3539 1292 3614 tussis
1322 3539 1455 3639 impor-

343 3653 548 3750 tunissima,
571 3653 695 3755 spiritu
720 3654 876 3731 liberiori
901 3657 1062 3755 reddito,
1087 3671 1193 3759 atque
1216 3654 1362 3732 oedema
1379 3679 1457 3728 cm·

342 3793 425 3842 rum
450 3767 516 3842 sub
542 3771 724 3845 urinarum
761 3773 885 3874 copia,
922 3799 1001 3847 eam
1035 3789 1141 3875 potus
1178 3789 1253 3870 ter,
1287 3786 1457 3875 quaterve

343 3901 552 3988 superante,
576 3891 665 3964 mira
690 3889 866 3966 celeritate
892 3888 1060 3967 consedit.
1090 3934 1142 3951 --
1171 3892 1319 3965 hilerim
1350 3886 1456 3962 febris

343 4033 485 4107 eomes,
509 4035 600 4110 quae
629 4011 728 4112 prius
760 4027 888 4114 typum
916 4027 1131 4114 quartanum
1160 4011 1376 4114 triplicatum
1401 4023 1455 4082 te·

248 4157 250 4169 ¹
342 4125 472 4223 nebat,
508 4129 545 4200 in
574 4143 784 4229 quartanam
820 4131 1019 4234 simplicem
1054 4129 1347 4206 commutabatur.
1370 4125 1457 4202 Pul·

342 4269 443 4318 vercs
470 4269 490 4317 e
515 4243 654 4320 Cortice
678 4249 872 4348 peruviano
897 4265 934 4324 et
957 4249 1036 4324 Sale
1061 4249 1283 4324 ammoniam
1312 4243 1455 4322 conflati

344 4361 534 4436 sanationis
561 4363 863 4464 complementum
888 4367 1057 4442 fecerunt.

395 4477 478 4560 Non
503 4479 705 4580 ignoramus
731 4481 896 4586 equidem
934 4483 1056 4574 febres¹
1082 4483 1378 4579 intermittentes,
1402 4481 1457 4553 in-
