3228 5166
287 301 337 398 {2

262 431 265 438 ’
287 427 372 500 ritas
389 438 425 498 et
441 423 604 502 solatlum
621 421 761 532 semper
777 423 909 505 nonum
935 427 1049 504 calcar·
1073 419 1272 506 addidisset.
1297 429 1396 504 Gau·

286 543 356 617 deo
373 543 575 620 medullitus
588 546 634 620 de
649 549 923 648 auspicatissima
941 550 1218 650 opportunitate,
1235 549 1396 622 Auromo

286 663 462 761 Seruum
487 665 691 741 Studiorum
716 669 934 744 medicorum
958 669 1165 767 PraefectO,
1196 669 1398 744 venerando

286 781 457 856 Italorum
483 783 692 880 Maclraoni,
717 801 825 886 quem
848 789 887 859 in
911 786 1065 860 literario
1090 789 1163 860 otio
1188 800 1225 859 et
1241 787 1398 858 amoenis

286 901 465 975 Aonidum
490 903 645 976 viridctis
671 919 977 978 consenescentem
1004 914 1099 978 totus
1130 917 1249 1004 stupet
1284 903 1399 996 orbis,

286 1019 443 1094 debitam
468 1021 710 1128 observantiae
736 1037 772 1096 et
796 1023 1015 1122 gratitudinis
1041 1024 1266 1122 copiamnou
1282 1020 1399 1094 solum

286 1137 406 1234 fateri,
429 1139 493 1213 sed
517 1142 625 1214 etiam
649 1143 805 1242 profiteri
830 1167 941 1242 posse.
967 1145 1058 1215 litus
1084 1143 1180 1214 euim
1215 1140 1398 1214 affabilitas

286 1270 324 1330 et
347 1258 517 1353 comitas,
541 1285 611 1358 qua
636 1259 817 1334 novellum
842 1255 1021 1332 ssanrinem
1046 1261 1083 1332 in
1108 1258 1257 1361 delubro
1282 1261 1396 1331 scien-

287 1375 417 1469 tiarpm
442 1376 600 1474 excepit,
623 1417 674 1431 —
690 1375 850 1475 evigilata
869 1377 1033 1470 consilia,
1057 1377 1185 1477 quibus
1205 1376 1396 1450 titubantes
1527 1465 1530 1468 g

287 1491 326 1562 in
360 1491 533 1592 principio
569 1518 704 1592 gressus
740 1493 888 1589 direxit,
913 1527 963 1552 a
988 1509 1094 1594 atque
1119 1507 1264 1594 paterna
1287 1493 1396 1566 bcne-
1514 1587 1518 1594 .

287 1609 465 1705 volentia,
490 1636 559 1710 qna
584 1625 642 1684 nte
666 1612 905 1686 indesinenter
929 1627 1136 1713 prosecutus
1157 1626 1223 1708 est,
1249 1612 1402 1711 gemina-

287 1739 366 1800 tum
390 1726 500 1801 veluti
523 1727 631 1800 robur
663 1729 878 1804 instillarunt
904 1731 1024 1824 renis,
1048 1731 1097 1804 ita
1123 1745 1184 1825 ut,
1208 1731 1396 1803 corrtemtis

288 1869 330 1918 ae
355 1847 484 1918 eversis
509 1847 690 1946 quibusvis
715 1847 998 1947 impedimentis,
1023 1847 1169 1920 lronon's
1186 1861 1222 1920 et
1238 1845 1401 1946 publicae

288 1963 448 2038 utilitatis
473 1964 519 2038 ad
543 1979 675 2038 metam
694 1978 798 2038 'tanto
824 1964 972 2037 alacrius
998 1989 1187 2065 properare
1212 1963 1359 2037 licuerit

338 2084 479 2155 Potiora
506 2083 697 2183 principia,
722 2083 850 2182 quibus
885 2083 1025 2156 iunixus
1057 2082 1207 2155 arduum
1243 2095 1280 2154 et
1309 2078 1401 2152 sale-

291 2195 438 2276 brosum
464 2199 615 2274 Cliniees
652 2225 782 2274 munus
820 2199 965 2301 incepi,
992 2211 1036 2274 et
1072 2215 1194 2301 postea
1225 2201 1403 2294 conduxi,
1507 2203 1510 2208 ’

289 2343 386 2390 nurrc
413 2316 567 2390 breviter
591 2343 671 2390 sum
697 2320 927 2419 expositurus.
951 2359 1002 2376 --
1033 2316 1177 2420 Triplex
1212 2319 1402 2392 universim

290 2439 398 2510 statui
424 2450 540 2537 potest
566 2437 773 2511 Sclrolarum
799 2437 1004 2510 clinicorum
1038 2459 1187 2537 scopust
1214 2437 1402 2537 discipulo-

290 2579 370 2632 rum
394 2563 432 2631 in
456 2556 584 2631 rnorbr's
608 2561 671 2630 rite
694 2559 943 2656 cognoscendis
959 2572 994 2631 et
1015 2558 1183 2632 curandis
1206 2561 1405 2646 irntiuctio„

290 2682 377 2750 artis
401 2677 553 2750 nscdlcac
572 2681 770 2776 promotio,
794 2689 901 2774 atque
926 2677 1103 2750 lcru‘endoe
1123 2677 1403 2775 aegrontmsor-

291 2800 337 2873 ut
360 2816 456 2868 curu.
474 2831 523 2850 -·
540 2787 670 2868 Utrum
696 2803 732 2868 ct
757 2819 843 2893 ego,
868 2790 1062 2894 praefixum
1079 2794 1241 2866 ardenter
1257 2793 1403 2892 cupiens

292 2912 472 3011 adtingere
509 2911 640 3006 linem,
673 2905 836 3012 publicae
871 2911 1102 3012 cxpectationi
1137 2909 1405 3010 responderim,

291 3057 358 3104 nec
392 3057 459 3126 ne,
482 3029 665 3132 publicum
691 3029 801 3104 hocce
838 3028 1095 3104 demonstrabit
1130 3030 1406 3123 testimonium,

292 3171 365 3248 quo
390 3149 561 3222 rationem
587 3147 759 3244 docendi,
776 3145 986 3223 observandi
1003 3162 1040 3221 et
1056 3147 1220 3220 medendi
1246 3145 1406 3246 religiosa

293 3289 377 3336 eum
411 3265 626 3362 ingenuitate
667 3263 786 3364 palam
821 3265 935 3338 lacere
968 3265 1055 3339 milri
1091 3266 1270 3365 proposui.
1294 3265 1407 3363 Aequi

293 3369 448 3480 judiees,
471 3381 569 3478 quod
593 3379 764 3474 obsecro,
788 3383 929 3454 veniam
954 3406 1028 3455 non
1051 3381 1284 3480 dedignentur
1307 3379 1406 3478 opel-

293 3495 367 3591 lae,
393 3495 716 3598 quantulacumque
741 3498 886 3570 demum
912 3500 966 3571 sit
992 3539 1042 3556 —-
1066 3497 1148 3572 Stat
1177 3521 1246 3599 pro
1270 3503 1406 3569 ratione

293 3615 466 3688 uoluntas.
492 3657 544 3672 -
578 3615 684 3708 Quod
719 3630 839 3688 autem
872 3614 984 3691 latino
1019 3619 1158 3717 potius,
1192 3641 1299 3716 quam
1335 3613 1404 3686 alio

294 3735 461 3808 idiomate
486 3760 570 3806 usus
594 3759 696 3830 sum,
720 3733 899 3808 excusabit
923 3761 1004 3809 non
1022 3736 1135 3812 solum
1161 3737 1250 3809 ratio
1275 3737 1406 3808 exerci-

293 3851 427 3925 tiorum
452 3849 908 3948 clinico-didascalicorum,
933 3879 1024 3952 quae
1063 3853 1189 3926 eodem
1220 3853 1311 3924 liunt
1335 3877 1408 3924 ser·

293 3993 422 4065 mone,
447 3966 509 4042 scd
534 3968 641 4041 etiam
666 3967 898 4064 desiderium,
926 3983 967 4042 ut
992 3971 1079 4042 Acta
1104 3969 1298 4070 palaestrae
1333 3995 1408 4041 me·

293 4089 567 4192 dico-practicae
593 4089 808 4186 Ticinensis,
825 4092 1016 4163 Caesarum
1040 4091 1260 4191 protectione
1289 4103 1325 4161 et
1340 4093 1409 4160 Au-

295 4222 511 4284 tecessorum
535 4209 746 4309 praestantia
773 4205 1037 4304 celeberrimae,
1054 4207 1099 4281 ab
1125 4209 1252 4280 exteris
1269 4229 1409 4306 qnoque

296 4325 457 4424 gentibus
483 4324 644 4424 legantur
661 4339 696 4398 ct
712 4339 912 4399 noscantur.
929 4325 1052 4427 Neque
1070 4327 1185 4401 carius
1201 4339 1297 4398 certe
1317 4321 1408 4395 Latii
