3158 6116
91 2593 97 2638 r

93 2713 100 2761 ι

96 2829 103 2882 t

95 2951 103 3031 l

95 3049 104 3127 l

94 3195 103 3244 r

92 3317 103 3366 r

93 3435 102 3484 r

89 3555 99 3604 r

87 3649 97 3722 i

86 3765 96 3840 i

84 3909 95 3960 r

85 4009 95 4080 l

83 4141 92 4198 l

83 4385 90 4432 i

1296 297 1359 342 221

188 369 393 483 debiles,
423 385 583 482 molles3
614 383 701 458 nulli
739 391 832 484 juxta
859 385 998 484 spinam
1012 383 1188 493 dorsalcnr
1210 385 1369 484 dolores,

180 503 441 608 ¹nullaeque
471 503 624 581 visibiles
638 501 854 578 ,anomaliae

259 625 478 718 Quamvis
503 623 686 698 manifesta
712 649 784 696 nou
816 622 993 697 adfuerint
1027 621 1155 698 indicia
1174 677 1176 682 -
1196 629 1368 724 turgoris,

196 757 335 846 atquc
366 744 589 820 irritationis
613 743 651 815 in
676 739 830 814 medulla
861 740 1016 840 spinaii,
1041 739 1173 841 (louge
1204 743 1369 848 frequen·
1487 775 1491 786 ¹

200 862 290 936 tior·
321 889 460 960 saue,
485 887 593 963 quam
609 861 749 961 passim
779 855 935 934 crcdbur
967 860 1193 956 nevrostum,
1221 875 1258 934 et
1293 887 1370 934 ma·

64 1007 66 1031 ³
203 978 324 1050 xime
356 978 776 1068 convulsionumnausa
793 981 833 1072 ig
866 999 908 1048 ea
933 989 1052 1049 tamen
1077 976 1176 1050 ducti
1201 979 1373 1073 veritate,

208 1094 335 1195 quod
363 1111 494 1172 stante
519 1096 626 1170 etiam
651 1093 831 1168 debilitate
857 1093 1044 1167 universali
1076 1095 1290 1196 quandoque
1315 1121 1373 1170 oc·

71 1306 75 1320 ι
214 1210 361 1292 cultae
381 1213 638 1316 symphoreses
654 1212 694 1285 ln
717 1211 939 1311 meningibus
955 1211 1130 1286 medullae
1145 1212 1375 1312 delitescant,

217 1353 373 1407 curam
403 1332 599 1434 praesentis
635 1328 837 1403 ballisrni'a
863 1329 1093 1429 purgantibus
1128 1330 1312 1427 drantiols,
1335 1344 1374 1406 et

223 1445 480 1526 iiictionibus
504 1474 588 1523 cum
613 1449 762 1522 Tartaro
787 1446 927 1521 stibiato
953 1453 1049 1548 juxta
1086 1447 1231 1522 dorsum
1265 1449 1374 1524 ordiri

224 1562 447 1643 voluimus.
472 1569 516 1642 ln
540 1591 624 1640 casu
649 1565 795 1666 ancipiti
820 1563 1014 1664 periculosa
1040 1564 1141 1640 nobis
1164 1565 1375 1640 videbantur

228 1683 542 1786 antiphiogistica
567 1683 787 1784 generosiora
823 1707 896 1757 uon
931 1683 1075 1781 minue,
1111 1709 1218 1784 qnam
1252 1686 1376 1758 stimu-

232 1797 399 1902 lantia3
422 1801 633 1882 methodum
658 1815 781 1875 contra
806 1802 1094 1900 antagonisticam
1119 1797 1377 1877 securissimum

240 1919 379 2022 largiri
403 1918 625 2022 diagonalem
650 1919 933 1992 existimavimus
966 1919 1197 1997 Mitescebant
1231 1921 1377 2022 quidem
1460 1907 1464 1918 ’

245 2041 330 2135 jam
357 2053 442 2140 post
465 2063 595 2140 paucas
620 2037 695 2111 dies
720 2051 837 2111 motus
874 2037 1097 2134 convolavi,
1131 2051 1186 2112 ast
1222 2041 1379 2116 concidit

247 2155 338 2254 p'ari
366 2149 473 2258 paas'rr
498 2155 628 2230 virium
651 2151 904 2228 muscularlum
939 2154 1073 2253 robur,
1110 2156 1204 2236 unde
1239 2157 1380 2262 purely·

250 2297 339 2348 aeos
365 2286 466 2349 metu
490 2269 670 2374 perculsi,
693 2271 928 2372 nrloeramqrrc
952 2297 1073 2372 aegrae
1090 2274 1380 2349 constitutionem

253 2414 348 2488 prae
374 2389 488 2467 oculis
512 2389 710 2486 babentes,
739 2389 786 2464 ad
820 2389 992 2498 praesidia
1030 2393 1228 2493 promptius
1266 2389 1380 2468 revel·

253 2503 402 2605 lentia,
426 2521 463 2583 et
486 2508 632 2582 nervina
657 2505 847 2608 pharmaca
872 2507 1020 2579 transire
1046 2510 1280 2582 rreoessarium
1311 2511 1381 2586 dn·

253 2625 391 2700 ximus.
418 2622 618 2726 Campbora
644 2648 727 2696 cum
752 2621 870 2724 oxydo
909 2621 1035 2719 Zinoi,
1064 2621 1222 2703 inlusum
1252 2623 1381 2700 {lorum

260 2742 417 2817 Amricae
441 2756 478 2816 et
509 2741 636 2814 radicis
670 2737 878 2814 Valerianus
914 2763 1040 2839 agmen
1077 2740 1279 2839 duxerunt,
1309 2769 1381 2844 quc

264 2858 449 2935 funestum
473 2859 627 2958 adgressi
651 2881 772 2932 sumus
798 2855 947 2930 hostem.
973 2857 1109 2931 biterea
1133 2857 1289 2958 pueliam
1319 2885 1383 2960 per

263 2975 388 3076 piures
413 2977 486 3052 dies
502 2976 662 3050 lixivioso
679 2974 887 3052 immisimus
903 2973 1051 3074 balneo,
1074 2976 1225 3086 indeque
1250 2993 1384 3052 extrae-

267 3109 344 3170 tam
370 3102 466 3198 juxta
491 3109 587 3170 artus
612 3093 785 3169 resolutos
811 3106 847 3168 et
870 3094 1010 3196 spinam
1035 3093 1131 3168 dorsi
1160 3120 1243 3168 cum
1276 3097 1383 3170 Tine·

269 3227 352 3288 tura
378 3213 537 3288 thebaica
562 3213 682 3286 illiniri
707 3211 891 3314 jussimus,
911 3237 1019 3312 quam
1044 3209 1266 3310 methodum,
1282 3213 1383 3288 ilua·

272 3356 475 3408 sornrmnrs
500 3331 774 3433 experimentis,
798 3344 835 3403 et
859 3329 1001 3402 Srtirsii
1034 3355 1141 3404 suasu
1172 3329 1306 3429 innixi,
1342 3331 1381 3406 in

271 3451 349 3524 aliis
375 3451 512 3526 casibus
538 3449 779 3525 consimilibus
804 3449 1027 3550 proficuam,
1048 3447 1088 3521 'in
1118 3453 1293 3550 praesenti
1330 3465 1384 3526 ta·

272 3593 357 3640 men
381 3567 636 3640 infructuosam
661 3565 823 3642 ridimus.
849 3563 1007 3638 Tantum
1031 3563 1166 3664 abibit,
1200 3581 1242 3642 ut
1274 3582 1386 3644 statos

271 3685 390 3762 morbi
414 3685 687 3779 emendaretur,
712 3697 753 3760 ut
776 3683 894 3785 potins
919 3683 1032 3758 indies
1067 3686 1176 3784 magis
1213 3701 1388 3763 cresceret

208 3813 214 3822 “
274 3805 446 3907 paralysis
470 3817 611 3888 artuum
636 3804 768 3879 sinistri
793 3803 937 3901 lateris,
961 3803 1179 3904 pedetentim
1204 3805 1241 3880 in
1266 3833 1388 3882 veram

275 3923 523 4025 iremiplegiarn
549 3947 728 3997 conversa.
753 3923 869 3998 immo
905 3921 952 3996 ad
975 3923 1152 4022 proximas
1177 3923 1387 4024 propagines

276 4070 469 4119 nervorum
492 4041 667 4118 medullae
692 4039 925 4141 oblongatae,
948 4039 994 4114 ad
1025 4053 1264 4114 recurrentem
1289 4039 1386 4116 Wit-

278 4161 367 4257 iisii,
391 4142 644 4264 hypoglossrrm
657 4173 728 4256 ,⁸et
752 4157 1128 4261 giumo-pharyngeum
1161 4163 1302 4260 jamjam
1327 4185 1387 4236 cx·

281 4278 488 4354 tendebatur
513 4279 698 4375 astirenia,
730 4275 939 4352 testantibus
974 4273 1217 4379 paraphonia,
1252 4277 1387 4377 mugitu

280 4391 434 4496 quodam
460 4397 663 4498 incondito,
697 4393 899 4498 mogilalia,
930 4407 967 4470 et
1001 4391 1251 4500 dyscatabresi.
1288 4395 1388 4473 illene
