3264 5194
1256 311 1361 454 93Δ

196 477 348 577 crescit,
380 477 505 554 aetatis
536 501 626 574 ver,
659 473 753 552 vitae
789 497 941 571 aurora,
978 478 1165 576 juventus,
1204 475 1310 554 ssoret

196 611 237 671 et
260 599 376 697 viget,
406 593 601 670 masculam
637 591 786 693 adeptus
822 591 1075 693 perfectionem
1109 609 1146 670 et
1178 621 1308 697 propa·

195 715 306 815 gandi
343 712 568 808 facultatem,
608 723 742 808 aestas,
768 709 956 805 meridies,
983 710 1057 786 sive
1082 709 1224 784 culmen
1259 713 1311 788 vi·

193 846 253 908 tae
277 833 432 908 sidereae
457 843 495 904 et
522 825 735 932 psychicae,
767 825 937 924 virilitas,
959 869 1009 884 -
1036 825 1168 902 labitur
1201 819 1309 930 pede-

193 950 324 1024 tentim
348 947 505 1048 corporis
530 959 635 1048 atque
660 945 788 1018 mentis
820 945 943 1045 vigor,
975 945 1068 1020 vitae
1100 959 1312 1042 autumnus,

195 1093 445 1169 vesperascens
470 1082 585 1162 aetas,
609 1079 771 1161 senecta,
796 1108 848 1122 -
872 1064 1017 1143 taudem
1052 1065 1122 1167 legi
1157 1067 1312 1144 mortali·

196 1186 280 1259 tatis
304 1181 504 1259 succumbit
527 1183 702 1260 caducum
738 1209 890 1285 corpus,
926 1185 1042 1258 omnis
1067 1186 1160 1260 vitae
1185 1210 1308 1286 expers

83 1373 88 1378 .
195 1303 345 1398 bruma,
374 1329 446 1378 nox
482 1315 597 1398 tetra,
631 1325 737 1376 mors.
769 1343 821 1358 --
857 1301 959 1375 Hanc
993 1302 1183 1402 imaginem
1218 1301 1311 1404 cycli

192 1421 329 1494 aeterni
357 1421 531 1520 tenigena
565 1444 638 1494 nou
672 1417 790 1494 solum
824 1418 864 1492 in
897 1419 1063 1496 universo
1099 1420 1193 1494 vitae
1226 1445 1311 1494 suae

191 1539 345 1613 decursu
368 1537 589 1634 manifestat,
611 1535 685 1610 sed
700 1537 824 1637 quavis
847 1535 906 1610 die
933 1536 1082 1638 repetit,
1113 1563 1154 1610 ac
1189 1537 1220 1613 si
1244 1538 1308 1612 Su·

190 1683 337 1758 premus
378 1681 498 1730 rerum
536 1655 679 1734 Arbiter
719 1653 907 1751 voluisset,
945 1668 987 1729 ut
1017 1655 1176 1732 mortalis
1208 1683 1306 1730 crea·

192 1789 274 1848 tura
298 1775 489 1874 praelixam
503 1769 572 1846 sibi
587 1784 721 1848 metam
738 1785 910 1872 perpetuo
934 1797 1019 1880 prae
1044 1771 1155 1848 oculis
1171 1771 1309 1856 babeat

193 1893 304 1965 Mane
327 1889 436 1964 homo
461 1889 712 1994 expergiscitur
747 1888 860 1964 lactus
902 1902 940 1964 et
979 1915 1116 1988 orans,
1155 1891 1311 1968 interdiu

190 2009 317 2110 vigilat
338 2023 377 2084 et
400 2009 514 2110 viget,
538 2007 697 2082 hebescit
720 2007 859 2108 vesperi
893 2031 935 2087 ao
957 2021 1061 2082 nutat
1084 2022 1312 2108 vetemasusg

190 2127 268 2203 alto
302 2127 448 2202 demum
485 2127 633 2202 obrutus
666 2151 792 2227 sopore
827 2111 912 2200 atris
945 2125 1166 2204 subtrahitur
1196 2131 1314 2210 noctis·

189 2243 354 2342 silentiis,
370 2244 540 2320 redeunte
557 2242 706 2324 Phoebo
727 2243 773 2325 ad
796 2269 926 2320 novam
946 2245 1057 2326 vitam
1075 2245 1310 2347 evigilaturus

243 2361 556 2454 Quemadmodum
578 2360 647 2438 sub
670 2363 820 2472 imperio
844 2361 976 2466 polaris
993 2365 1207 2444 arsutheeos
1225 2368 1310 2444 anui

194 2492 401 2582 temporum
424 2505 629 2582 supremos,
652 2505 695 2554 ac
732 2507 752 2554 e
787 2480 962 2567 diametm
999 2486 1180 2586 oppositos
1218 2487 1310 2561 vitae

188 2597 354 2673 animalis
378 2613 555 2698 motores,
587 2597 662 2676 sive
693 2603 954 2677 enormonticas
983 2604 1076 2678 vitae
1106 2605 1310 2682 manifesta·

188 2721 305 2794 tiones
329 2743 394 2819 per
418 2717 646 2796 eminentiam
671 2719 787 2794 evolvi
812 2719 993 2816 videmus,
1016 2721 1218 2821 etquidem
1241 2721 1311 2800 sot

187 2834 287 2909 stitio
312 2833 446 2914 aestivo
462 2836 581 2940 nisum
596 2836 635 2912 in
651 2837 924 2935 expansionem,
941 2836 1145 2936 plrlogiston
1162 2893 1172 2934 ,
1193 2837 1309 2941 lepto-

188 2951 395 3051 cbymiam,
435 2953 615 3049 atoniam,
648 2951 937 3049 sensibilitatem,
973 2953 1083 3026 vitum
1119 2979 1311 3055 nerveam,

188 3066 342 3146 solstitio
367 3067 531 3172 bybemo
555 3082 680 3148 contra
704 3071 821 3144 nuum
846 3071 886 3144 in
910 3073 1205 3172 contractionem,
1224 3101 1310 3178 oxy.

189 3185 355 3284 genium,
378 3185 700 3290 pachychymiam,
722 3187 994 3290 hypertcniam‚
1021 3189 1310 3296 mutabilitatem,

189 3305 304 3380 vitam
329 3306 552 3408 arteriosamg
575 3347 626 3372 -κ
650 3306 699 3380 ita
725 3321 884 3407 tempore
914 3307 1219 3410 aequinoctiorum
1245 3338 1309 3414 po·
1363 3335 1367 3341 ·

190 3424 318 3500 tentiae
343 3419 549 3528 dynamicaa
575 3423 622 3502 ad
644 3425 901 3528 indifferentiae
925 3441 1058 3502 statum
1086 3431 1308 3532 conspirare,

187 3556 227 3618 et
251 3545 540 3647 exaequationem
564 3543 703 3643 moliri,
727 3571 801 3622 non
825 3545 943 3624 εοΙιιιιι
971 3547 1010 3622 ἰιι
1038 3561 1160 3624 nosue
1190 3565 1306 3653 syste-

72 3648 75 3660 ’
187 3675 284 3738 mate
307 3661 499 3765 plancturi,
522 3661 587 3737 sed
610 3664 718 3744 etiam
741 3666 779 3738 in
804 3664 898 3738 vitae
929 3667 1113 3766 organicae
1142 3665 1305 3768 phaeno«

186 3783 302 3856 menis
326 3783 409 3856 sabe
435 3781 529 3857 clare
552 3782 873 3858 animadvertimus.
899 3781 987 3865 lude
1015 3785 1154 3886 concipi
1175 3789 1307 3888 poterit

186 3899 473 4002 praedominium
497 3900 590 3974 vitae
614 3899 802 4001 plasticae,
825 3927 889 3976 seu
920 3903 1164 4000 vegetativae,
1193 3904 1306 3981 veluti

186 4017 353 4118 producti
377 4015 656 4092 indifferentialis
687 4019 862 4096 laetorum
892 4017 1051 4098 vitalium
1080 4020 1194 4122 polari
1223 4023 1305 4098 nisu

186 4135 344 4210 invicem
384 4131 689 4231 colluctantium,
726 4133 823 4237 quod
864 4161 1018 4210 unacum
1061 4135 1120 4212 dic
1161 4153 1304 4215 noctem
1420 4171 1424 4186 ¹

130 4325 136 4342 ,
187 4265 362 4354 aequante
386 4277 570 4355 exsurgere
594 4253 811 4351 consuescit,
841 4279 884 4330 eo
915 4267 1036 4328 umen
1067 4279 1150 4330 cum
1180 4255 1304 4332 diecti.

188 4375 304 4468 nrirre,
329 4387 369 4448 ut
392 4397 503 4447 verno
530 4373 679 4473 tempori
705 4372 860 4449 evolutio
883 4373 1082 4472 organica,
1118 4373 1193 4448 sire
1222 4401 1301 4452 me·¹

189 4491 422 4596 tamorphosis
446 4489 691 4596 progrediens,
709 4507 879 4571 autumno
897 4505 1019 4570 contra
1043 4491 1222 4593 reductio,
1238 4522 1300 4582 scu
1406 4591 1407 4594 Ἴ
