<?xml version="1.0" encoding="UTF-8"?>
<!DOCTYPE html PUBLIC "-//W3C//DTD XHTML 1.0 Transitional//EN"
    "http://www.w3.org/TR/xhtml1/DTD/xhtml1-transitional.dtd">
<html xmlns="http://www.w3.org/1999/xhtml" xml:lang="en" lang="en">
 <head>
  <title>
</title>
<meta http-equiv="Content-Type" content="text/html;charset=utf-8" />
  <meta name='ocr-system' content='tesseract 3.04.00' />
  <meta name='ocr-capabilities' content='ocr_page ocr_carea ocr_par ocr_line ocrx_word'/>
</head>
<body>
  <div class='ocr_page' id='page_1' title='image "./annalesscholaec00hildgoog_0118.png"; bbox 0 0 3264 5194; ppageno 0'>
   <div class='ocr_carea' id='block_1_1' title="bbox 324 341 375 442">
    <p class='ocr_par' dir='ltr' id='par_1_1' title="bbox 324 341 375 442">
     <span class='ocr_line' id='line_1_1' title="bbox 324 341 375 442; baseline 0 0"><span class='ocrx_word' id='word_1_1' title='bbox 324 341 375 442; x_wconf 79' lang='lat'>9⁶</span> 
     </span>
    </p>
   </div>
   <div class='ocr_carea' id='block_1_2' title="bbox 319 455 1509 4590">
    <p class='ocr_par' dir='ltr' id='par_1_2' title="bbox 319 455 1509 4590">
     <span class='ocr_line' id='line_1_2' title="bbox 324 455 1435 561; baseline -0.013 -25"><span class='ocrx_word' id='word_1_2' title='bbox 324 461 423 561; x_wconf 90' lang='lat' dir='ltr'>cipiis</span> <span class='ocrx_word' id='word_1_3' title='bbox 458 457 673 561; x_wconf 86' lang='lat' dir='ltr'>phlogisticis</span> <span class='ocrx_word' id='word_1_4' title='bbox 708 469 882 552; x_wconf 81' lang='lat' dir='ltr'>onustus,</span> <span class='ocrx_word' id='word_1_5' title='bbox 923 455 1029 556; x_wconf 89' lang='lat' dir='ltr'>inque</span> <span class='ocrx_word' id='word_1_6' title='bbox 1070 463 1262 554; x_wconf 74' lang='lat' dir='ltr'><strong>systemate</strong></span> <span class='ocrx_word' id='word_1_7' title='bbox 1292 475 1435 532; x_wconf 23' lang='lat' dir='ltr'>,venoso</span> 
     </span>
     <span class='ocr_line' id='line_1_3' title="bbox 323 567 1435 673; baseline -0.011 -21"><span class='ocrx_word' id='word_1_8' title='bbox 323 577 522 662; x_wconf 72' lang='lat' dir='ltr'>abdominis</span> <span class='ocrx_word' id='word_1_9' title='bbox 548 573 690 650; x_wconf 81' lang='lat' dir='ltr'>uberius</span> <span class='ocrx_word' id='word_1_10' title='bbox 715 573 981 668; x_wconf 77' lang='lat' dir='ltr'>adcumulatus,</span> <span class='ocrx_word' id='word_1_11' title='bbox 995 597 1121 673; x_wconf 85' lang='lat' dir='ltr'>·quum</span> <span class='ocrx_word' id='word_1_12' title='bbox 1144 567 1344 669; x_wconf 75' lang='lat' dir='ltr'><strong>languidior</strong></span> <span class='ocrx_word' id='word_1_13' title='bbox 1367 567 1435 642; x_wconf 86' lang='lat' dir='ltr'>ihi-</span> 
     </span>
     <span class='ocr_line' id='line_1_4' title="bbox 323 685 1438 792; baseline -0.012 -20"><span class='ocrx_word' id='word_1_14' title='bbox 323 697 407 774; x_wconf 88' lang='lat' dir='ltr'>dem</span> <span class='ocrx_word' id='word_1_15' title='bbox 431 694 584 770; x_wconf 86' lang='lat' dir='ltr'>circulus</span> <span class='ocrx_word' id='word_1_16' title='bbox 609 717 768 768; x_wconf 87' lang='lat' dir='ltr'>remorae</span> <span class='ocrx_word' id='word_1_17' title='bbox 784 707 821 766; x_wconf 87' lang='lat' dir='ltr'>et</span> <span class='ocrx_word' id='word_1_18' title='bbox 836 689 1053 792; x_wconf 87' lang='lat' dir='ltr'>congestioni</span> <span class='ocrx_word' id='word_1_19' title='bbox 1069 689 1180 788; x_wconf 87' lang='lat' dir='ltr'>magis</span> <span class='ocrx_word' id='word_1_20' title='bbox 1197 685 1438 781; x_wconf 72' lang='lat' dir='ltr'><strong>obsecundat,</strong></span> 
     </span>
     <span class='ocr_line' id='line_1_5' title="bbox 323 803 1509 916; baseline -0.012 -26"><span class='ocrx_word' id='word_1_21' title='bbox 323 815 426 916; x_wconf 88' lang='lat' dir='ltr'>copia</span> <span class='ocrx_word' id='word_1_22' title='bbox 450 813 578 914; x_wconf 77' lang='lat' dir='ltr'>insigni</span> <span class='ocrx_word' id='word_1_23' title='bbox 602 837 725 886; x_wconf 87' lang='lat' dir='ltr'>versus</span> <span class='ocrx_word' id='word_1_24' title='bbox 749 811 861 912; x_wconf 87' lang='lat' dir='ltr'>hepar</span> <span class='ocrx_word' id='word_1_25' title='bbox 884 823 1037 908; x_wconf 89' lang='lat' dir='ltr'>urgetur.</span> <span class='ocrx_word' id='word_1_26' title='bbox 1063 803 1178 909; x_wconf 76' lang='lat' dir='ltr'>liujus</span> <span class='ocrx_word' id='word_1_27' title='bbox 1204 811 1276 908; x_wconf 78' lang='lat' dir='ltr'>jam</span> <span class='ocrx_word' id='word_1_28' title='bbox 1293 805 1436 879; x_wconf 76' lang='lat' dir='ltr'>visceris</span> <span class='ocrx_word' id='word_1_29' title='bbox 1503 817 1509 824; x_wconf 84' lang='grc'><em>“</em></span> 
     </span>
     <span class='ocr_line' id='line_1_6' title="bbox 325 924 1438 1036; baseline -0.009 -28"><span class='ocrx_word' id='word_1_30' title='bbox 325 933 531 1036; x_wconf 80' lang='lat' dir='ltr'>adjumento</span> <span class='ocrx_word' id='word_1_31' title='bbox 548 931 749 1014; x_wconf 73' lang='lat' dir='ltr'><strong>defaecatur</strong></span> <span class='ocrx_word' id='word_1_32' title='bbox 765 929 858 1004; x_wconf 83' lang='lat' dir='ltr'>latex</span> <span class='ocrx_word' id='word_1_33' title='bbox 874 929 1009 1026; x_wconf 77' lang='lat' dir='ltr'>vitalis,</span> <span class='ocrx_word' id='word_1_34' title='bbox 1033 929 1168 1024; x_wconf 85' lang='lat' dir='ltr'>scoria,</span> <span class='ocrx_word' id='word_1_35' title='bbox 1183 941 1225 999; x_wconf 89' lang='lat' dir='ltr'>ut</span> <span class='ocrx_word' id='word_1_36' title='bbox 1236 927 1285 1000; x_wconf 83' lang='lat' dir='ltr'>ita</span> <span class='ocrx_word' id='word_1_37' title='bbox 1301 924 1438 1020; x_wconf 74' lang='lat' dir='ltr'>alicam,</span> 
     </span>
     <span class='ocr_line' id='line_1_7' title="bbox 325 1043 1439 1148; baseline -0.013 -18"><span class='ocrx_word' id='word_1_38' title='bbox 325 1055 364 1130; x_wconf 92' lang='lat' dir='ltr'>in</span> <span class='ocrx_word' id='word_1_39' title='bbox 387 1051 549 1128; x_wconf 80' lang='lat' dir='ltr'>biliosum</span> <span class='ocrx_word' id='word_1_40' title='bbox 574 1075 754 1132; x_wconf 83' lang='lat' dir='ltr'>amurcam</span> <span class='ocrx_word' id='word_1_41' title='bbox 779 1073 973 1147; x_wconf 88' lang='lat' dir='ltr'>conversa,</span> <span class='ocrx_word' id='word_1_42' title='bbox 995 1074 1106 1148; x_wconf 90' lang='lat' dir='ltr'>quae,</span> <span class='ocrx_word' id='word_1_43' title='bbox 1137 1047 1168 1118; x_wconf 89' lang='lat' dir='ltr'>si</span> <span class='ocrx_word' id='word_1_44' title='bbox 1197 1043 1297 1120; x_wconf 84' lang='lat' dir='ltr'>nulla</span> <span class='ocrx_word' id='word_1_45' title='bbox 1321 1043 1439 1118; x_wconf 77' lang='lat' dir='ltr'>adsint</span> 
     </span>
     <span class='ocr_line' id='line_1_8' title="bbox 325 1160 1440 1268; baseline -0.009 -21"><span class='ocrx_word' id='word_1_46' title='bbox 325 1169 531 1266; x_wconf 87' lang='lat' dir='ltr'>obstacula,</span> <span class='ocrx_word' id='word_1_47' title='bbox 554 1170 626 1242; x_wconf 90' lang='lat' dir='ltr'>suis</span> <span class='ocrx_word' id='word_1_48' title='bbox 651 1168 813 1242; x_wconf 84' lang='lat' dir='ltr'>educitur</span> <span class='ocrx_word' id='word_1_49' title='bbox 837 1166 1040 1262; x_wconf 84' lang='lat' dir='ltr'>cunalibus,</span> <span class='ocrx_word' id='word_1_50' title='bbox 1062 1167 1171 1268; x_wconf 91' lang='lat' dir='ltr'>inque</span> <span class='ocrx_word' id='word_1_51' title='bbox 1195 1164 1351 1239; x_wconf 83' lang='lat' dir='ltr'>fistulam</span> <span class='ocrx_word' id='word_1_52' title='bbox 1378 1160 1440 1236; x_wconf 86' lang='lat' dir='ltr'>ali·</span> 
     </span>
     <span class='ocr_line' id='line_1_9' title="bbox 325 1279 1438 1390; baseline -0.014 -20"><span class='ocrx_word' id='word_1_53' title='bbox 325 1305 523 1370; x_wconf 80' lang='lat' dir='ltr'>mentorem</span> <span class='ocrx_word' id='word_1_54' title='bbox 547 1285 710 1390; x_wconf 70' lang='lat' dir='ltr'>depluit,</span> <span class='ocrx_word' id='word_1_55' title='bbox 734 1286 791 1362; x_wconf 89' lang='lat' dir='ltr'>vol</span> <span class='ocrx_word' id='word_1_56' title='bbox 815 1287 962 1360; x_wconf 90' lang='lat' dir='ltr'>minima</span> <span class='ocrx_word' id='word_1_57' title='bbox 989 1299 1127 1360; x_wconf 89' lang='lat' dir='ltr'>tantum</span> <span class='ocrx_word' id='word_1_58' title='bbox 1157 1284 1195 1356; x_wconf 93' lang='lat' dir='ltr'>in</span> <span class='ocrx_word' id='word_1_59' title='bbox 1219 1297 1319 1384; x_wconf 88' lang='lat' dir='ltr'>parte</span> <span class='ocrx_word' id='word_1_60' title='bbox 1342 1279 1438 1382; x_wconf 85' lang='lat' dir='ltr'>lym-</span> 
     </span>
     <span class='ocr_line' id='line_1_10' title="bbox 326 1398 1439 1514; baseline -0.012 -30"><span class='ocrx_word' id='word_1_61' title='bbox 326 1409 477 1514; x_wconf 86' lang='lat' dir='ltr'>phaticis</span> <span class='ocrx_word' id='word_1_62' title='bbox 502 1407 592 1482; x_wconf 79' lang='lat' dir='ltr'>vasis</span> <span class='ocrx_word' id='word_1_63' title='bbox 617 1403 837 1500; x_wconf 80' lang='lat' dir='ltr'>resorbetur,</span> <span class='ocrx_word' id='word_1_64' title='bbox 870 1428 1020 1504; x_wconf 84' lang='lat' dir='ltr'>samque</span> <span class='ocrx_word' id='word_1_65' title='bbox 1056 1401 1171 1478; x_wconf 77' lang='lat' dir='ltr'>levam</span> <span class='ocrx_word' id='word_1_66' title='bbox 1196 1398 1439 1504; x_wconf 82' lang='lat' dir='ltr'>polycholiam</span> 
     </span>
     <span class='ocr_line' id='line_1_11' title="bbox 326 1517 1436 1632; baseline -0.012 -31"><span class='ocrx_word' id='word_1_67' title='bbox 326 1529 441 1632; x_wconf 84' lang='lat' dir='ltr'>parit,</span> <span class='ocrx_word' id='word_1_68' title='bbox 465 1550 574 1626; x_wconf 88' lang='lat' dir='ltr'>quam</span> <span class='ocrx_word' id='word_1_69' title='bbox 608 1523 646 1596; x_wconf 90' lang='lat' dir='ltr'>in</span> <span class='ocrx_word' id='word_1_70' title='bbox 682 1521 827 1596; x_wconf 89' lang='lat' dir='ltr'>homine</span> <span class='ocrx_word' id='word_1_71' title='bbox 861 1521 994 1596; x_wconf 91' lang='lat' dir='ltr'>aestivo</span> <span class='ocrx_word' id='word_1_72' title='bbox 1025 1534 1062 1594; x_wconf 90' lang='lat' dir='ltr'>et</span> <span class='ocrx_word' id='word_1_73' title='bbox 1085 1517 1279 1620; x_wconf 84' lang='lat' dir='ltr'>amphiscio</span> <span class='ocrx_word' id='word_1_74' title='bbox 1303 1517 1436 1618; x_wconf 86' lang='lat' dir='ltr'>absque</span> 
     </span>
     <span class='ocr_line' id='line_1_12' title="bbox 327 1636 1438 1736; baseline -0.008 -17"><span class='ocrx_word' id='word_1_75' title='bbox 327 1643 408 1726; x_wconf 89' lang='lat' dir='ltr'>ullis</span> <span class='ocrx_word' id='word_1_76' title='bbox 432 1643 546 1716; x_wconf 87' lang='lat' dir='ltr'>laesae</span> <span class='ocrx_word' id='word_1_77' title='bbox 569 1639 781 1716; x_wconf 87' lang='lat' dir='ltr'>valetudinis</span> <span class='ocrx_word' id='word_1_78' title='bbox 806 1639 945 1719; x_wconf 87' lang='lat' dir='ltr'>indiciis</span> <span class='ocrx_word' id='word_1_79' title='bbox 961 1638 1082 1714; x_wconf 84' lang='lat' dir='ltr'>adesse</span> <span class='ocrx_word' id='word_1_80' title='bbox 1098 1639 1269 1714; x_wconf 85' lang='lat' dir='ltr'>videmus.</span> <span class='ocrx_word' id='word_1_81' title='bbox 1285 1636 1438 1736; x_wconf 87' lang='lat' dir='ltr'>Copioso</span> 
     </span>
     <span class='ocr_line' id='line_1_13' title="bbox 327 1760 1439 1864; baseline -0.009 -24"><span class='ocrx_word' id='word_1_82' title='bbox 327 1766 434 1864; x_wconf 91' lang='lat' dir='ltr'>igitur</span> <span class='ocrx_word' id='word_1_83' title='bbox 458 1761 626 1860; x_wconf 84' lang='lat' dir='ltr'>sanguine</span> <span class='ocrx_word' id='word_1_84' title='bbox 661 1760 853 1858; x_wconf 90' lang='lat' dir='ltr'>obrutum,</span> <span class='ocrx_word' id='word_1_85' title='bbox 877 1775 913 1834; x_wconf 88' lang='lat' dir='ltr'>et</span> <span class='ocrx_word' id='word_1_86' title='bbox 934 1760 1113 1860; x_wconf 87' lang='lat' dir='ltr'>turgidum</span> <span class='ocrx_word' id='word_1_87' title='bbox 1149 1773 1303 1860; x_wconf 84' lang='lat' dir='ltr'>systema</span> <span class='ocrx_word' id='word_1_88' title='bbox 1328 1767 1439 1832; x_wconf 84' lang='lat' dir='ltr'>venae</span> 
     </span>
     <span class='ocr_line' id='line_1_14' title="bbox 326 1877 1439 1986; baseline -0.002 -32"><span class='ocrx_word' id='word_1_89' title='bbox 326 1895 510 1986; x_wconf 89' lang='lat' dir='ltr'>portarum</span> <span class='ocrx_word' id='word_1_90' title='bbox 535 1877 734 1983; x_wconf 88' lang='lat' dir='ltr'>splenicum</span> <span class='ocrx_word' id='word_1_91' title='bbox 759 1906 921 1963; x_wconf 86' lang='lat' dir='ltr'>cruorem</span> <span class='ocrx_word' id='word_1_92' title='bbox 938 1882 1093 1981; x_wconf 87' lang='lat' dir='ltr'>recipere</span> <span class='ocrx_word' id='word_1_93' title='bbox 1109 1885 1321 1976; x_wconf 76' lang='lat' dir='ltr'>cunctatur,</span> <span class='ocrx_word' id='word_1_94' title='bbox 1344 1877 1439 1952; x_wconf 88' lang='lat' dir='ltr'>unde</span> 
     </span>
     <span class='ocr_line' id='line_1_15' title="bbox 328 1996 1440 2106; baseline -0.007 -30"><span class='ocrx_word' id='word_1_95' title='bbox 328 2007 401 2106; x_wconf 78' lang='lat' dir='ltr'>jam</span> <span class='ocrx_word' id='word_1_96' title='bbox 424 1999 541 2102; x_wconf 89' lang='lat' dir='ltr'>aliqua</span> <span class='ocrx_word' id='word_1_97' title='bbox 565 2013 664 2102; x_wconf 89' lang='lat' dir='ltr'>patet</span> <span class='ocrx_word' id='word_1_98' title='bbox 687 1999 778 2076; x_wconf 90' lang='lat' dir='ltr'>ratio</span> <span class='ocrx_word' id='word_1_99' title='bbox 802 1999 1036 2100; x_wconf 69' lang='lat' dir='ltr'>congestionis</span> <span class='ocrx_word' id='word_1_100' title='bbox 1061 1999 1100 2072; x_wconf 91' lang='lat' dir='ltr'>in</span> <span class='ocrx_word' id='word_1_101' title='bbox 1115 1997 1228 2094; x_wconf 89' lang='lat' dir='ltr'>liene,</span> <span class='ocrx_word' id='word_1_102' title='bbox 1252 1996 1440 2098; x_wconf 81' lang='lat' dir='ltr'>suiipsius</span> 
     </span>
     <span class='ocr_line' id='line_1_16' title="bbox 327 2116 1441 2218; baseline -0.007 -22"><span class='ocrx_word' id='word_1_103' title='bbox 327 2119 451 2218; x_wconf 85' lang='lat' dir='ltr'>organi</span> <span class='ocrx_word' id='word_1_104' title='bbox 476 2131 613 2191; x_wconf 84' lang='lat' dir='ltr'>textura</span> <span class='ocrx_word' id='word_1_105' title='bbox 638 2132 758 2192; x_wconf 87' lang='lat' dir='ltr'>tenera</span> <span class='ocrx_word' id='word_1_106' title='bbox 782 2131 820 2191; x_wconf 88' lang='lat' dir='ltr'>et</span> <span class='ocrx_word' id='word_1_107' title='bbox 842 2118 1029 2218; x_wconf 85' lang='lat' dir='ltr'>spongiosa</span> <span class='ocrx_word' id='word_1_108' title='bbox 1060 2117 1310 2218; x_wconf 86' lang='lat' dir='ltr'>patrocinatur.</span> <span class='ocrx_word' id='word_1_109' title='bbox 1335 2116 1441 2188; x_wconf 80' lang='lat' dir='ltr'>Acce-</span> 
     </span>
     <span class='ocr_line' id='line_1_17' title="bbox 328 2233 1441 2336; baseline -0.004 -24"><span class='ocrx_word' id='word_1_110' title='bbox 328 2235 494 2312; x_wconf 86' lang='lat' dir='ltr'>dentibus</span> <span class='ocrx_word' id='word_1_111' title='bbox 518 2235 628 2310; x_wconf 90' lang='lat' dir='ltr'>modo</span> <span class='ocrx_word' id='word_1_112' title='bbox 652 2235 922 2310; x_wconf 82' lang='lat' dir='ltr'>circumstantiis</span> <span class='ocrx_word' id='word_1_113' title='bbox 947 2237 1120 2332; x_wconf 75' lang='lat' dir='ltr'>extentis,</span> <span class='ocrx_word' id='word_1_114' title='bbox 1144 2259 1236 2336; x_wconf 88' lang='lat' dir='ltr'>quae</span> <span class='ocrx_word' id='word_1_115' title='bbox 1261 2233 1362 2308; x_wconf 86' lang='lat' dir='ltr'>lienis</span> <span class='ocrx_word' id='word_1_116' title='bbox 1379 2259 1441 2334; x_wconf 91' lang='lat' dir='ltr'>po-</span> 
     </span>
     <span class='ocr_line' id='line_1_18' title="bbox 331 2351 1441 2456; baseline -0.002 -28"><span class='ocrx_word' id='word_1_117' title='bbox 331 2356 427 2452; x_wconf 90' lang='lat' dir='ltr'>tius,</span> <span class='ocrx_word' id='word_1_118' title='bbox 459 2379 567 2454; x_wconf 74' lang='lat' dir='ltr'>quiam</span> <span class='ocrx_word' id='word_1_119' title='bbox 598 2353 735 2455; x_wconf 86' lang='lat' dir='ltr'>hepatis</span> <span class='ocrx_word' id='word_1_120' title='bbox 770 2355 985 2429; x_wconf 82' lang='lat' dir='ltr'>activitatem</span> <span class='ocrx_word' id='word_1_121' title='bbox 1015 2369 1232 2456; x_wconf 81' lang='lat' dir='ltr'>provocant,</span> <span class='ocrx_word' id='word_1_122' title='bbox 1266 2351 1441 2454; x_wconf 88' lang='lat' dir='ltr'>simulque</span> 
     </span>
     <span class='ocr_line' id='line_1_19' title="bbox 328 2463 1441 2574; baseline -0.001 -29"><span class='ocrx_word' id='word_1_123' title='bbox 328 2470 522 2550; x_wconf 79' lang='lat' dir='ltr'>luxurianti</span> <span class='ocrx_word' id='word_1_124' title='bbox 544 2473 754 2571; x_wconf 73' lang='lat' dir='ltr'>vegetationi</span> <span class='ocrx_word' id='word_1_125' title='bbox 779 2471 899 2547; x_wconf 80' lang='lat' dir='ltr'>faverit</span> <span class='ocrx_word' id='word_1_126' title='bbox 910 2527 923 2573; x_wconf 95' lang='lat'>,</span> <span class='ocrx_word' id='word_1_127' title='bbox 945 2471 1113 2574; x_wconf 86' lang='lat' dir='ltr'>plasticus</span> <span class='ocrx_word' id='word_1_128' title='bbox 1132 2463 1236 2546; x_wconf 86' lang='lat' dir='ltr'>¹nisus</span> <span class='ocrx_word' id='word_1_129' title='bbox 1252 2473 1290 2546; x_wconf 92' lang='lat' dir='ltr'>iu</span> <span class='ocrx_word' id='word_1_130' title='bbox 1305 2495 1441 2571; x_wconf 85' lang='lat' dir='ltr'>organo</span> 
     </span>
     <span class='ocr_line' id='line_1_20' title="bbox 330 2588 1439 2694; baseline -0.002 -30"><span class='ocrx_word' id='word_1_131' title='bbox 330 2594 403 2694; x_wconf 82' lang='lat' dir='ltr'>jam</span> <span class='ocrx_word' id='word_1_132' title='bbox 436 2588 484 2674; x_wconf 73' lang='lat' dir='ltr'>td</span> <span class='ocrx_word' id='word_1_133' title='bbox 517 2590 714 2675; x_wconf 73' lang='lat' dir='ltr'>sinentem</span> <span class='ocrx_word' id='word_1_134' title='bbox 746 2589 854 2692; x_wconf 89' lang='lat' dir='ltr'>pleno</span> <span class='ocrx_word' id='word_1_135' title='bbox 887 2592 1068 2692; x_wconf 86' lang='lat' dir='ltr'>potentius</span> <span class='ocrx_word' id='word_1_136' title='bbox 1103 2603 1248 2691; x_wconf 79' lang='lat' dir='ltr'>exurgat</span> <span class='ocrx_word' id='word_1_137' title='bbox 1289 2601 1439 2692; x_wconf 83' lang='lat' dir='ltr'>oportet</span> 
     </span>
     <span class='ocr_line' id='line_1_21' title="bbox 319 2705 1470 2810; baseline -0.004 -27"><span class='ocrx_word' id='word_1_138' title='bbox 319 2707 533 2802; x_wconf 57' lang='lat' dir='ltr'>,Edooemur</span> <span class='ocrx_word' id='word_1_139' title='bbox 567 2723 687 2784; x_wconf 90' lang='lat' dir='ltr'>autem</span> <span class='ocrx_word' id='word_1_140' title='bbox 716 2707 1037 2783; x_wconf 81' lang='lat' dir='ltr'>valentissimorum</span> <span class='ocrx_word' id='word_1_141' title='bbox 1071 2708 1366 2810; x_wconf 86' lang='lat' dir='ltr'>Physiologomm</span> <span class='ocrx_word' id='word_1_142' title='bbox 1390 2705 1470 2778; x_wconf 56' lang='grc' dir='ltr'>οὗ·</span> 
     </span>
     <span class='ocr_line' id='line_1_22' title="bbox 330 2823 1444 2928; baseline -0.005 -24"><span class='ocrx_word' id='word_1_143' title='bbox 330 2827 433 2924; x_wconf 80' lang='lat' dir='ltr'>fatis,</span> <span class='ocrx_word' id='word_1_144' title='bbox 456 2827 494 2902; x_wconf 90' lang='lat' dir='ltr'>ln</span> <span class='ocrx_word' id='word_1_145' title='bbox 518 2825 610 2912; x_wconf 84' lang='lat' dir='ltr'>lione</span> <span class='ocrx_word' id='word_1_146' title='bbox 635 2829 841 2928; x_wconf 86' lang='lat' dir='ltr'>sanguinem</span> <span class='ocrx_word' id='word_1_147' title='bbox 866 2829 1074 2904; x_wconf 82' lang='lat' dir='ltr'>arteriosum</span> <span class='ocrx_word' id='word_1_148' title='bbox 1103 2827 1212 2923; x_wconf 92' lang='lat' dir='ltr'>dilui,</span> <span class='ocrx_word' id='word_1_149' title='bbox 1245 2827 1320 2900; x_wconf 87' lang='lat' dir='ltr'>sive</span> <span class='ocrx_word' id='word_1_150' title='bbox 1345 2823 1444 2926; x_wconf 88' lang='lat' dir='ltr'>quod</span> 
     </span>
     <span class='ocr_line' id='line_1_23' title="bbox 330 2943 1444 3048; baseline -0.004 -28"><span class='ocrx_word' id='word_1_151' title='bbox 330 2945 427 3030; x_wconf 87' lang='lat' dir='ltr'>idem</span> <span class='ocrx_word' id='word_1_152' title='bbox 451 2960 524 3043; x_wconf 90' lang='lat' dir='ltr'>est,</span> <span class='ocrx_word' id='word_1_153' title='bbox 547 2951 624 3048; x_wconf 84' lang='lat' dir='ltr'>ejus</span> <span class='ocrx_word' id='word_1_154' title='bbox 648 2961 785 3046; x_wconf 85' lang='lat' dir='ltr'>partem</span> <span class='ocrx_word' id='word_1_155' title='bbox 808 2945 992 3048; x_wconf 83' lang='lat' dir='ltr'>plasticam</span> <span class='ocrx_word' id='word_1_156' title='bbox 1016 2947 1190 3020; x_wconf 83' lang='lat' dir='ltr'>minnist</span> <span class='ocrx_word' id='word_1_157' title='bbox 1213 2943 1325 3041; x_wconf 88' lang='lat' dir='ltr'>solvi,</span> <span class='ocrx_word' id='word_1_158' title='bbox 1350 2949 1444 3017; x_wconf 78' lang='lat' dir='ltr'>s&#39;ero-</span> 
     </span>
     <span class='ocr_line' id='line_1_24' title="bbox 330 3059 1443 3167; baseline -0.006 -27"><span class='ocrx_word' id='word_1_159' title='bbox 330 3089 411 3140; x_wconf 90' lang='lat' dir='ltr'>sum</span> <span class='ocrx_word' id='word_1_160' title='bbox 435 3079 559 3140; x_wconf 88' lang='lat' dir='ltr'>contra</span> <span class='ocrx_word' id='word_1_161' title='bbox 582 3064 725 3146; x_wconf 84' lang='lat' dir='ltr'>laticem</span> <span class='ocrx_word' id='word_1_162' title='bbox 747 3066 887 3166; x_wconf 87' lang='lat' dir='ltr'>augeri,</span> <span class='ocrx_word' id='word_1_163' title='bbox 911 3063 1060 3166; x_wconf 85' lang='lat' dir='ltr'>proinde</span> <span class='ocrx_word' id='word_1_164' title='bbox 1084 3063 1239 3167; x_wconf 85' lang='lat' dir='ltr'>speciem</span> <span class='ocrx_word' id='word_1_165' title='bbox 1262 3059 1443 3163; x_wconf 82' lang='lat' dir='ltr'>hydroga-</span> 
     </span>
     <span class='ocr_line' id='line_1_25' title="bbox 331 3178 1444 3284; baseline -0.004 -27"><span class='ocrx_word' id='word_1_166' title='bbox 331 3207 477 3282; x_wconf 83' lang='lat' dir='ltr'>neseos,</span> <span class='ocrx_word' id='word_1_167' title='bbox 500 3184 574 3256; x_wconf 88' lang='lat' dir='ltr'>sive</span> <span class='ocrx_word' id='word_1_168' title='bbox 599 3181 814 3262; x_wconf 76' lang='lat' dir='ltr'>reductionis</span> <span class='ocrx_word' id='word_1_169' title='bbox 839 3182 1095 3269; x_wconf 81' lang='lat' dir='ltr'>elementorum</span> <span class='ocrx_word' id='word_1_170' title='bbox 1118 3178 1295 3284; x_wconf 88' lang='lat' dir='ltr'>polarium</span> <span class='ocrx_word' id='word_1_171' title='bbox 1318 3181 1357 3254; x_wconf 89' lang='lat' dir='ltr'>iu</span> <span class='ocrx_word' id='word_1_172' title='bbox 1374 3179 1444 3253; x_wconf 75' lang='lat' dir='ltr'>fon</span> 
     </span>
     <span class='ocr_line' id='line_1_26' title="bbox 332 3299 1443 3402; baseline -0.008 -25"><span class='ocrx_word' id='word_1_173' title='bbox 332 3325 428 3377; x_wconf 84' lang='lat' dir='ltr'>mam</span> <span class='ocrx_word' id='word_1_174' title='bbox 454 3314 643 3394; x_wconf 84' lang='lat' dir='ltr'>neutmm,</span> <span class='ocrx_word' id='word_1_175' title='bbox 659 3325 722 3374; x_wconf 90' lang='lat' dir='ltr'>seu</span> <span class='ocrx_word' id='word_1_176' title='bbox 748 3299 1009 3382; x_wconf 73' lang='lat' dir='ltr'>indilllsrentem</span> <span class='ocrx_word' id='word_1_177' title='bbox 1032 3305 1204 3402; x_wconf 77' lang='lat' dir='ltr'>(aquam)</span> <span class='ocrx_word' id='word_1_178' title='bbox 1230 3299 1443 3398; x_wconf 76' lang='lat' dir='ltr'>contingere.</span> 
     </span>
     <span class='ocr_line' id='line_1_27' title="bbox 334 3415 1443 3522; baseline -0.002 -30"><span class='ocrx_word' id='word_1_179' title='bbox 334 3419 417 3510; x_wconf 86' lang='lat' dir='ltr'>Quo</span> <span class='ocrx_word' id='word_1_180' title='bbox 440 3417 556 3518; x_wconf 89' lang='lat' dir='ltr'>posito</span> <span class='ocrx_word' id='word_1_181' title='bbox 581 3419 720 3520; x_wconf 89' lang='lat' dir='ltr'>concipi</span> <span class='ocrx_word' id='word_1_182' title='bbox 743 3420 874 3522; x_wconf 74' lang='lat' dir='ltr'>potent</span> <span class='ocrx_word' id='word_1_183' title='bbox 896 3423 1011 3521; x_wconf 85' lang='lat' dir='ltr'>major</span> <span class='ocrx_word' id='word_1_184' title='bbox 1033 3417 1135 3491; x_wconf 87' lang='lat' dir='ltr'>lienis</span> <span class='ocrx_word' id='word_1_185' title='bbox 1152 3417 1199 3492; x_wconf 90' lang='lat' dir='ltr'>ad</span> <span class='ocrx_word' id='word_1_186' title='bbox 1213 3415 1317 3492; x_wconf 90' lang='lat' dir='ltr'>illum</span> <span class='ocrx_word' id='word_1_187' title='bbox 1332 3429 1443 3492; x_wconf 70' lang='lat' dir='ltr'>anno</span> 
     </span>
     <span class='ocr_line' id='line_1_28' title="bbox 332 3533 1440 3638; baseline -0.002 -30"><span class='ocrx_word' id='word_1_188' title='bbox 332 3533 502 3635; x_wconf 86' lang='lat' dir='ltr'>sphaerae</span> <span class='ocrx_word' id='word_1_189' title='bbox 526 3548 660 3612; x_wconf 87' lang='lat' dir='ltr'>statum</span> <span class='ocrx_word' id='word_1_190' title='bbox 683 3535 833 3630; x_wconf 87' lang='lat' dir='ltr'>relatio,</span> <span class='ocrx_word' id='word_1_191' title='bbox 862 3535 929 3610; x_wconf 89' lang='lat' dir='ltr'>suh</span> <span class='ocrx_word' id='word_1_192' title='bbox 953 3561 1026 3638; x_wconf 76' lang='lat' dir='ltr'>(pso</span> <span class='ocrx_word' id='word_1_193' title='bbox 1050 3535 1164 3611; x_wconf 89' lang='lat' dir='ltr'>laticis</span> <span class='ocrx_word' id='word_1_194' title='bbox 1189 3535 1312 3637; x_wconf 88' lang='lat' dir='ltr'>aquosi</span> <span class='ocrx_word' id='word_1_195' title='bbox 1336 3559 1440 3636; x_wconf 84' lang='lat' dir='ltr'>prae-</span> 
     </span>
     <span class='ocr_line' id='line_1_29' title="bbox 334 3651 1442 3756; baseline 0.001 -30"><span class='ocrx_word' id='word_1_196' title='bbox 334 3651 535 3736; x_wconf 85' lang='lat' dir='ltr'>dominium</span> <span class='ocrx_word' id='word_1_197' title='bbox 556 3654 669 3751; x_wconf 87' lang='lat' dir='ltr'>viget,</span> <span class='ocrx_word' id='word_1_198' title='bbox 693 3652 842 3754; x_wconf 86' lang='lat' dir='ltr'>proinde</span> <span class='ocrx_word' id='word_1_199' title='bbox 865 3655 973 3738; x_wconf 81' lang='lat' dir='ltr'>etiam</span> <span class='ocrx_word' id='word_1_200' title='bbox 997 3659 1111 3756; x_wconf 83' lang='lat' dir='ltr'>major</span> <span class='ocrx_word' id='word_1_201' title='bbox 1123 3653 1282 3756; x_wconf 76' lang='lat' dir='ltr'>ejusdem</span> <span class='ocrx_word' id='word_1_202' title='bbox 1297 3653 1442 3728; x_wconf 87' lang='lat' dir='ltr'>visceris</span> 
     </span>
     <span class='ocr_line' id='line_1_30' title="bbox 333 3769 1443 3876; baseline 0.002 -34"><span class='ocrx_word' id='word_1_203' title='bbox 333 3769 373 3842; x_wconf 92' lang='lat' dir='ltr'>in</span> <span class='ocrx_word' id='word_1_204' title='bbox 395 3781 504 3844; x_wconf 76' lang='lat' dir='ltr'>stasss</span> <span class='ocrx_word' id='word_1_205' title='bbox 516 3823 528 3869; x_wconf 92' lang='lat'>,</span> <span class='ocrx_word' id='word_1_206' title='bbox 551 3769 720 3846; x_wconf 78' lang='lat' dir='ltr'>infarctus</span> <span class='ocrx_word' id='word_1_207' title='bbox 744 3785 781 3845; x_wconf 90' lang='lat' dir='ltr'>et</span> <span class='ocrx_word' id='word_1_208' title='bbox 810 3771 1085 3876; x_wconf 82' lang='lat' dir='ltr'>hyperepidoses</span> <span class='ocrx_word' id='word_1_209' title='bbox 1119 3773 1350 3876; x_wconf 82' lang='lat' dir='ltr'>proclivitas,</span> <span class='ocrx_word' id='word_1_210' title='bbox 1380 3770 1443 3846; x_wconf 86' lang='lat' dir='ltr'>ubi</span> 
     </span>
     <span class='ocr_line' id='line_1_31' title="bbox 334 3888 1501 3994; baseline 0.002 -32"><span class='ocrx_word' id='word_1_211' title='bbox 334 3897 395 3962; x_wconf 70' lang='lat' dir='ltr'>aer</span> <span class='ocrx_word' id='word_1_212' title='bbox 418 3890 580 3962; x_wconf 89' lang='lat' dir='ltr'>autumni</span> <span class='ocrx_word' id='word_1_213' title='bbox 603 3888 777 3992; x_wconf 88' lang='lat' dir='ltr'>pluviosi,</span> <span class='ocrx_word' id='word_1_214' title='bbox 800 3891 859 3965; x_wconf 90' lang='lat' dir='ltr'>vel</span> <span class='ocrx_word' id='word_1_215' title='bbox 879 3891 1028 3966; x_wconf 86' lang='lat' dir='ltr'>climatis</span> <span class='ocrx_word' id='word_1_216' title='bbox 1045 3889 1208 3994; x_wconf 80' lang='lat' dir='ltr'>uliginosi</span> <span class='ocrx_word' id='word_1_217' title='bbox 1224 3905 1261 3966; x_wconf 88' lang='lat' dir='ltr'>et</span> <span class='ocrx_word' id='word_1_218' title='bbox 1277 3890 1444 3994; x_wconf 87' lang='lat' dir='ltr'>palustris</span> <span class='ocrx_word' id='word_1_219' title='bbox 1497 3971 1501 3978; x_wconf 24' lang='lat'><strong>¹</strong></span> 
     </span>
     <span class='ocr_line' id='line_1_32' title="bbox 332 4011 1293 4116; baseline 0.004 -32"><span class='ocrx_word' id='word_1_220' title='bbox 332 4012 443 4115; x_wconf 88' lang='lat' dir='ltr'>gratia</span> <span class='ocrx_word' id='word_1_221' title='bbox 466 4011 639 4112; x_wconf 80' lang='lat' dir='ltr'>insignem</span> <span class='ocrx_word' id='word_1_222' title='bbox 663 4013 868 4116; x_wconf 87' lang='lat' dir='ltr'>adipiscitur</span> <span class='ocrx_word' id='word_1_223' title='bbox 891 4011 1110 4090; x_wconf 87' lang='lat' dir='ltr'>humiditatis</span> <span class='ocrx_word' id='word_1_224' title='bbox 1134 4013 1293 4116; x_wconf 77' lang='lat' dir='ltr'>gradsm</span> 
     </span>
     <span class='ocr_line' id='line_1_33' title="bbox 383 4127 1445 4237; baseline -0.002 -33"><span class='ocrx_word' id='word_1_225' title='bbox 383 4127 638 4232; x_wconf 83' lang='lat' dir='ltr'>Qualecunqus</span> <span class='ocrx_word' id='word_1_226' title='bbox 670 4133 715 4204; x_wconf 65' lang='lat' dir='ltr'>iu,</span> <span class='ocrx_word' id='word_1_227' title='bbox 742 4155 984 4208; x_wconf 82' lang='lat' dir='ltr'>macrocosmo</span> <span class='ocrx_word' id='word_1_228' title='bbox 1009 4146 1195 4237; x_wconf 83' lang='lat' dir='ltr'>exsuperet</span> <span class='ocrx_word' id='word_1_229' title='bbox 1224 4129 1445 4206; x_wconf 89' lang='lat' dir='ltr'>elementum</span> 
     </span>
     <span class='ocr_line' id='line_1_34' title="bbox 333 4245 1446 4354; baseline 0.003 -34"><span class='ocrx_word' id='word_1_230' title='bbox 333 4245 542 4346; x_wconf 86' lang='lat' dir='ltr'>materiale,</span> <span class='ocrx_word' id='word_1_231' title='bbox 577 4247 820 4351; x_wconf 86' lang='lat' dir='ltr'>qualecunque</span> <span class='ocrx_word' id='word_1_232' title='bbox 854 4249 1057 4326; x_wconf 87' lang='lat' dir='ltr'>dominetur</span> <span class='ocrx_word' id='word_1_233' title='bbox 1090 4251 1306 4354; x_wconf 90' lang='lat' dir='ltr'>principium</span> <span class='ocrx_word' id='word_1_234' title='bbox 1329 4247 1446 4351; x_wconf 77' lang='lat' dir='ltr'>dyna-</span> 
     </span>
     <span class='ocr_line' id='line_1_35' title="bbox 334 4367 1445 4462; baseline 0.002 -22"><span class='ocrx_word' id='word_1_235' title='bbox 334 4369 487 4462; x_wconf 90' lang='lat' dir='ltr'>micum,</span> <span class='ocrx_word' id='word_1_236' title='bbox 511 4367 564 4440; x_wconf 92' lang='lat' dir='ltr'>sui</span> <span class='ocrx_word' id='word_1_237' title='bbox 591 4369 759 4462; x_wconf 68' lang='lat' dir='ltr'>aratam</span> <span class='ocrx_word' id='word_1_238' title='bbox 784 4371 821 4444; x_wconf 93' lang='lat' dir='ltr'>iu</span> <span class='ocrx_word' id='word_1_239' title='bbox 847 4372 1079 4446; x_wconf 87' lang='lat' dir='ltr'>microcosmo</span> <span class='ocrx_word' id='word_1_240' title='bbox 1104 4371 1266 4446; x_wconf 85' lang='lat' dir='ltr'>humano</span> <span class='ocrx_word' id='word_1_241' title='bbox 1292 4369 1445 4444; x_wconf 85' lang='lat' dir='ltr'>excitare</span> 
     </span>
     <span class='ocr_line' id='line_1_36' title="bbox 335 4485 1448 4590; baseline 0.005 -32"><span class='ocrx_word' id='word_1_242' title='bbox 335 4485 541 4560; x_wconf 88' lang='lat' dir='ltr'>consuescit.</span> <span class='ocrx_word' id='word_1_243' title='bbox 576 4485 754 4562; x_wconf 65' lang='lat' dir='ltr'>aestiferis</span> <span class='ocrx_word' id='word_1_244' title='bbox 790 4485 934 4587; x_wconf 86' lang='lat' dir='ltr'>diebus,</span> <span class='ocrx_word' id='word_1_245' title='bbox 971 4503 1077 4590; x_wconf 85' lang='lat' dir='ltr'>atquc</span> <span class='ocrx_word' id='word_1_246' title='bbox 1111 4490 1150 4564; x_wconf 91' lang='lat' dir='ltr'>in</span> <span class='ocrx_word' id='word_1_247' title='bbox 1174 4515 1263 4566; x_wconf 82' lang='lat' dir='ltr'>zona</span> <span class='ocrx_word' id='word_1_248' title='bbox 1289 4485 1448 4582; x_wconf 80' lang='lat' dir='ltr'>torrida,</span> 
     </span>
    </p>
   </div>
   <div class='ocr_carea' id='block_1_3' title="bbox 0 0 1651 5194">
    <p class='ocr_par' dir='ltr' id='par_1_3' title="bbox 0 0 1651 5194">
     <span class='ocr_line' id='line_1_37' title="bbox 0 0 1651 5194; baseline 0 0"><span class='ocrx_word' id='word_1_249' title='bbox 0 0 1651 5194; x_wconf 95' lang='lat' dir='ltr'> </span> 
     </span>
    </p>
   </div>
  </div>
 </body>
</html>
