3148 5170
468 471 692 558 nrsronn
717 468 874 544 rnrnx.
954 444 961 474 ²

313 713 748 801 Plauto-Pneumcnitis
778 709 1013 806 catarrhoso.
1052 785 1054 788 ,

163 951 347 1054 Agricola,
379 947 429 1044 54
453 973 648 1040 annorum,
677 944 908 1042 macilentus,
941 946 1046 1021 variis
1070 945 1108 1018 in
1134 945 1225 1032 vitae

107 1101 197 1148 suae
233 1067 408 1146 curriculo
442 1065 596 1160 morbis,
635 1079 672 1136 et
706 1063 857 1137 maxime
891 1059 1226 1142 inflammationibus

106 1190 266 1300 pectoris
291 1187 494 1280 divexatus,
518 1181 575 1256 die
601 1179 634 1256 5.
659 1179 870 1257 Novembris
898 1183 1014 1282 1817,
1038 1193 1227 1280 postqum

110 1307 239 1407 frigida
277 1331 361 1378 aura
392 1301 579 1381 sudantem
614 1297 772 1393 afflarat,
806 1297 984 1373 inhorruit
1017 1297 1227 1397 derepente,

109 1453 154 1502 ac
171 1439 293 1528 postea
309 1421 475 1518 incaluit,
498 1419 630 1493 lectum
646 1408 766 1518 petere
783 1430 936 1492 coactus.
961 1415 1095 1512 Nocte,
1119 1441 1228 1516 quam

108 1547 313 1620 insomnem
337 1539 524 1640 transegit,
548 1535 650 1611 dolor
675 1536 763 1609 acris
789 1547 826 1608 ct
848 1532 1055 1635 punctorius
1073 1533 1119 1608 ad
1135 1533 1226 1607 lutus

109 1660 266 1741 thoracis
291 1662 456 1738 dextrum
490 1671 527 1731 et
562 1654 743 1756 scapulam
767 1655 962 1752 succrevit,
985 1655 1034 1727 ita
1060 1669 1100 1728 ut
1125 1679 1229 1754 aeger

109 1785 256 1859 nonnisi
290 1807 418 1880 magna
453 1803 536 1852 cum
573 1775 778 1852 difficultate
814 1775 969 1852 animam
1009 1777 1228 1876 reciprocare

7 1966 9 1975 .
109 1903 278 2004 potuerit
304 1902 397 1974 Cum
421 1895 717 1998 subsequentibus
742 1894 867 1969 diebus
899 1894 1015 1970 morbi
1045 1911 1157 1969 status
1182 1919 1229 1968 ne

0 2011 3 2020 ’
110 2021 230 2096 hilum
247 2018 514 2114 emendaretur,
537 2017 648 2090 irnmo
665 2017 765 2088 anrda
779 2011 966 2090 formidine
982 2013 1229 2092 meticulosum

111 2165 260 2238 aegrum
276 2135 524 2238 perfunderet,
549 2134 606 2207 die
623 2135 657 2212 8.
674 2135 830 2241 mensis,
851 2157 941 2234 quae
955 2147 1029 2206 erat
1055 2133 1087 2228 4.
1112 2127 1231 2213 morbi

111 2255 369 2330 Nosocomium
403 2250 500 2324 adire
534 2251 681 2344 statuit,
721 2244 828 2348 inquo
870 2262 1028 2344 nostram
1063 2245 1229 2326 Subolem

111 2385 319 2472 susceptus,
347 2381 555 2470 sequentem
584 2366 685 2444 dedit
714 2365 829 2438 morbi
854 2365 1063 2464 imaginem:
1090 2365 1228 2467 Cepha·

110 2490 189 2566 laea
214 2487 282 2562 sub
308 2489 412 2561 tussis
436 2488 573 2586 impetu
597 2483 801 2562 immaniter
826 2497 954 2580 ancta,
984 2482 1103 2582 lingua
1128 2483 1230 2580 alba,

112 2607 299 2709 respiratio
322 2605 461 2701 brevis,
485 2604 614 2700 citata,
638 2603 764 2698 anxia3
788 2599 891 2676 dolor
915 2628 1074 2702 pungens
1099 2601 1144 2677 ab
1177 2599 1233 2675 ul·

115 2725 210 2798 timis
248 2723 354 2798 costis
378 2719 506 2822 spuriis
529 2719 649 2822 lateris
686 2719 803 2794 dextri
838 2719 885 2800 ad
905 2719 1080 2822 ‘scapulas
1118 2745 1229 2822 usque

1 2835 2 2870 ;
116 2853 322 2942 porrectus,
337 2835 562 2939 prolirndam
586 2833 781 2938 impediens
806 2837 1092 2938 inspirationem,
1126 2840 1229 2916 tussis

118 2957 265 3033 molesta
303 2981 386 3030 cum
410 2953 629 3029 anacathur'si
652 2983 821 3053 mucosa,
854 2954 1040 3031 decubitus
1064 2957 1230 3057 supinus,

118 3091 155 3150 et
170 3075 372 3176 neglectus,
387 3072 474 3149 levis
493 3073 605 3149 tensio
622 3071 884 3175 hypochondrii
901 3073 1013 3153 dextri
1026 3105 1037 3170 3
1052 3073 1229 3148 abdomen

121 3193 246 3289 nrolle,
279 3191 565 3268 contrectationis
607 3193 764 3292 patiens,
799 3191 898 3266 alvus
936 3193 1074 3290 soluta,
1108 3195 1231 3266 urinae

121 3309 301 3406 turbidae,
324 3309 463 3407 sanguis
480 3307 628 3382 emissus
644 3308 816 3409 multam,
831 3309 999 3406 densam,
1016 3325 1052 3384 et
1068 3325 1228 3384 tenacem

39 3424 42 3430 ’
118 3430 294 3530 ‘separavit
317 3441 495 3523 crustam3
519 3425 615 3502 calor
640 3441 787 3525 auctus,
811 3429 900 3502 cutis
917 3430 1035 3527 arida,
1058 3455 1229 3506 venarum

120 3548 318 3622 salientium
342 3548 433 3620 ictus
468 3547 689 3649 hequentes,
723 3547 823 3646 duri,
848 3563 884 3624 et
908 3550 1114 3651 praecipites
1139 3551 1230 3625 inte·

120 3668 247 3741 stinam
271 3663 448 3764 sanguinis
474 3665 611 3739 accensi
635 3665 769 3740 luctam
798 3668 1004 3740 acerrimam
1038 3681 1093 3740 sat
1116 3669 1230 3742 mani·

121 3785 207 3858 sesto
243 3782 450 3885 prodebant
485 3823 537 3844 -ι-
565 3783 760 3857 Praemisso
795 3783 1035 3884 phlebotomia
1076 3784 1230 3858 decoctis

121 3899 394 3998 emollientibus,
410 3901 659 4001 eucoprotlois,
675 3901 944 4002 diaphoreticis,
958 3902 1231 4004 potionibusque

123 4023 255 4096 rritratis
279 4018 484 4094 incendium
509 4018 715 4094 morbosum
739 4032 936 4121 temperare
961 4021 1156 4094 statuimus.
1180 4063 1232 4078 -

124 4135 192 4210 Sub
216 4135 480 4211 exacerbatione
504 4135 703 4237 vespertina
727 4137 959 4237 improvisum
984 4137 1144 4212 oboritur
1167 4139 1230 4212 de·

125 4252 260 4350 litium,
284 4261 403 4327 mente
428 4279 512 4326 eum
535 4253 574 4326 in
598 4251 743 4328 modum
770 4265 908 4350 emota,
932 4267 973 4328 ut
995 4237 1097 4354 aeger
1113 4255 1231 4354 sugam

44 4466 57 4481 „
126 4384 239 4470 petere
273 4371 442 4444 continuo
478 4383 639 4444 tentaret
675 4371 772 4444 Suria
804 4369 876 4446 duo
901 4371 1090 4446 vesicantia
1115 4371 1231 4472 irnpo·

126 4502 263 4564 uantur.
298 4489 362 4565 Die
398 4487 431 4565 5.
467 4487 583 4566 morbi
607 4515 671 4593 per
697 4501 808 4566 totam
838 4502 980 4566 noctem
1005 4489 1098 4564 inter
1124 4487 1230 4566 rerba
